2206 3032
284 162 348 204 53

515 148 890 192 DISSERTATIO
920 148 1550 194 SEXAGESIMAOCTAVA.

1738 165 1792 205 54

224 231 250 254 ‚‚
276 206 314 243 in
341 205 509 264 negotio,
534 207 591 241 vel
617 206 655 242 in
685 207 863 266 pensa,·&
883 221 977 244 men-
1014 213 1050 246 A
1091 233 1116 252 ‚‚
1142 206 1180 242 in
1209 208 1343 246 verbis,
1371 207 1408 242 in
1435 208 1560 247 faffis,
1587 207 1624 243 in
1652 220 1749 256 operi
1738 221 1814 245 aus
1832 231 1846 249 ,

225 283 251 303 2)

224 335 250 355 ’9

222 385 249 406 ’9

222 436 248 456 ’2

223 485 249 505 29

221 535 248 554 ’1

222 585 248 606 9,

223 635 248 656 ’ἱ

221 686 246 706 9,

221 736 247 756 3,

221 787 247 806 ’θ

221 836 247 856 2)

222 887 248 907 99

221 937 247 956 θ’

223 987 248 1006 99

223 1037 247 1056 ’9

223 1087 248 1106 2)

222 1136 248 1155 θ’

221 1184 245 1206 2,

220 1235 246 1256 θ’

217 1337 242 1356 ’5

218 1387 244 1407 Ἰ

219 1438 244 1457 θ’

221 1488 245 1507 ’l

218 1538 245 1557 ’9

221 1589 245 1608 θ)

221 1639 246 1659 2,

222 1689 247 1709 θ’

220 1739 246 1758 Μ

221 1789 246 1809 ’1

220 1840 245 1859 2)

221 1891 246 1909 ’θ

221 1940 247 1959 ⁵,

221 1990 246 2009 n

221 2041 246 2060 ’9

222 2091 247 2111 2,

219 2141 246 2162 ’2

219 2192 245 2212 ’Ὠ

219 2243 245 2263 2»

219 2293 244 2313 ’2

218 2344 245 2363 ’5

219 2394 245 2415 θ’

215 2444 242 2465 2,

216 2494 242 2515 D)

279 256 352 293 sura
378 255 535 304 duplici.
573 257 740 298 peccavi,
767 258 850 306 quia
877 258 974 295 fimu—

277 306 357 344 lavi
377 319 432 342 me
458 306 523 343 <sse
550 306 672 356 justum
702 319 843 357 propter
879 310 974 357 cupi-

275 359 416 393 ditatem
443 358 477 392 8<
500 370 622 394 vanam
645 359 817 407 gloriam,
845 367 885 395 ut
915 359 976 395 ho-

275 407 429 443 minibus
457 409 650 455 placerem,
676 421 755 444 cum
781 409 880 445 effern
908 410 972 446 mi-

276 457 350 497 ser,
377 459 409 493 &
442 459 606 494 Peccator
633 458 738 494 nimis
755 484 764 494 .
803 461 975 499 Peccavi,

277 508 360 554 quia
388 508 551 555 gaudium
581 508 688 545 habui
726 508 825 557 super
851 509 976 545 interi-

275 567 351 593 tum
388 558 546 593 inimicis
584 559 695 601 meis,
733 564 763 592 δε
815 560 974 595 adversus

276 607 356 643 filiis
376 607 496 643 matris
518 621 613 644 meae
634 608 730 656 posui
753 608 949 645 scandalum
964 636 973 645 .

277 658 399 694 Paravi
436 656 572 693 foveam
593 685 605 703 ‚
642 659 811 695 seminavi
846 659 969 695 discor-

274 708 367 744 diam
407 712 437 743 δι
474 712 564 744 rixas
603 710 657 744 vel
703 709 844 748 zizania
884 711 975 745 inter

274 758 426 799 fratres,
452 759 485 794 &
523 758 639 795 scisma
676 759 750 795 misr
787 759 881 796 inter
916 774 973 796 cos

275 822 335 857 per
360 809 626 855 contentiones,
655 810 908 855 animositates,
936 810 973 847 ἃ

275 860 567 896 murmurationes
589 887 599 905 ‚
627 873 686 909 per
722 860 946 897 distensiones
964 888 974 903 ‚

275 909 312 946 &
343 910 613 950 susurrationes,
641 910 842 946 inflationes
869 912 905 947 ἃ
928 910 971 946 se-

276 960 450 1000 ditiones,
476 974 537 1008 per
562 961 856 1006 amaritudinem,
882 961 970 997 indi—

274 1010 502 1058 gnationem,
529 1011 563 1045 8<
585 1010 697 1051 iram,
724 1012 758 1046 &
786 1012 973 1047 clamorem

274 1069 378 1107 atque
407 1060 631 1105 blapsemiam
652 1086 660 1094 ,
690 1061 835 1097 Peccavi
856 1088 867 1105 ‚
892 1062 975 1109 quia

275 1110 400 1164 injuste
436 1110 585 1157 judicavi
622 1111 799 1146 hominem
821 1135 831 1149 ‚
860 1113 914 1146 vel
942 1125 973 1147 e—

276 1160 362 1194 tiam
391 1161 645 1219 condempnOavi
666 1188 677 1204 ,
704 1161 771 1197 five
799 1160 974 1210 flagellavi

275 1209 343 1245 fine
370 1210 467 1245 causa
495 1224 554 1258 per
580 1211 632 1247 ira
660 1216 690 1246 &
719 1225 806 1247 vana
834 1211 974 1260 gloria.

269 1286 295 1305 ‚,
324 1260 468 1295 peccavi
485 1284 494 1299 ,
522 1261 606 1308 quia
633 1272 775 1310 propter
802 1262 973 1308 cupidita-

270 1319 340 1345 tem
384 1309 420 1346 &
461 1312 650 1346 vanitatem
692 1312 795 1358 hujus
836 1312 973 1347 Saeculi

272 1359 404 1407 juravi,
425 1362 457 1396 8<
484 1361 653 1397 honorem
682 1362 858 1398 Sacerdoti
881 1376 969 1410 prae

273 1409 394 1458 sumpsi
430 1411 608 1460 accipere,
636 1425 713 1448 cum
750 1412 876 1460 dignus
904 1426 971 1447 non

273 1461 373 1496 essem
411 1462 511 1497 miser
555 1475 650 1510 ego.
689 1465 735 1498 Et
778 1463 973 1512 perjuravi,

273 1511 356 1558 quia
393 1512 538 1548 minime
574 1513 749 1561 implevi,
776 1514 868 1560 quod
899 1527 970 1562 pro-

273 1561 368 1601 mili,
397 1564 429 1597 8<
457 1576 544 1610 opus
583 1564 649 1599 Dei
684 1564 900 1612 negligenter
926 1564 972 1599 fe-

328 1639 336 1647 .
374 1611 483 1649 Circa
521 1614 661 1649 Altaria
702 1616 757 1649 vel
798 1614 973 1649 sacrificia

274 1675 411 1698 omnem
450 1663 700 1712 negligentiam
733 1663 859 1699 habui.
886 1667 971 1700 Cor

275 1725 335 1759 pus
362 1714 395 1747 8<
424 1714 633 1762 Sanguinem
664 1714 811 1749 Domini
831 1714 974 1762 indigne

274 1762 420 1820 sumpfi3
449 1765 556 1799 etiam
593 1777 652 1811 per
685 1764 888 1799 ebrietatem
925 1778 971 1799 re-

273 1813 339 1861 jeci
378 1826 483 1853 eum,
525 1814 558 1848 8<
599 1813 819 1862 gravioribus
862 1815 973 1861 culpis

275 1863 430 1899 ccmmifi
469 1863 571 1899 miser
606 1877 694 1912 ego·
736 1864 878 1900 Peccaxi
918 1853 1002 1913 peri

275 1913 392 1952 rixas,
421 1927 480 1961 per
508 1927 595 1949 vana
631 1914 770 1962 gloria,
798 1915 830 1949 8<
861 1928 919 1962 per
946 1915 973 1950 i·

275 1977 345 1998 ram
376 1964 542 1999 maledixi
570 1964 747 1999 homines:
769 1967 873 1999 etiam
904 1965 991 2000 blae

276 2013 425 2061 psemavi
454 2027 535 2054 eos,
561 2015 594 2048 δε
623 2027 762 2060 peccare
783 2014 873 2052 feci,
894 2018 974 2061 quia
999 2061 1000 2065 Ἰ

275 2064 377 2099 malis
405 2064 492 2099 meis
527 2065 696 2111 exemplis
725 2066 779 2100 vel
813 2064 970 2101 suafioni-
998 2072 1001 2139 Ι

275 2115 336 2150 bus
364 2117 495 2150 multae
522 2114 658 2151 animae
687 2116 884 2164 perierunt3
914 2119 972 2150 mi-

272 2164 323 2201 ser
349 2178 414 2214 ego
450 2165 590 2215 peccavi
629 2179 687 2214 per
725 2165 972 2202 deleEtationes

272 2215 428 2264 peffimas
450 2240 460 2256 ,
499 2229 557 2263 per
594 2215 726 2251 somnia
766 2229 877 2256 vana,
915 2230 974 2263 per

271 2266 438 2316 auguria,
469 2265 504 2302 ἃ
543 2266 776 2302 divinationes
797 2293 806 2302 .
842 2267 971 2303 Simili-

270 2326 325 2353 ter
352 2316 548 2353 voluntarie
568 2317 603 2353 ἃ
626 2317 876 2353 deleE'tabiliter
896 2330 971 2365 pec-
996 2341 999 2357 ;

272 2368 347 2403 cavi
384 2368 422 2403 in
461 2367 561 2406 visu,
589 2369 735 2407 auditu,
763 2367 882 2413 gustu,
912 2367 971 2402 ho-

268 2418 413 2457 don-atu,
441 2417 477 2454 ἃ
517 2417 611 2454 ῐεέἲυ
636 2445 646 2454 .
686 2420 825 2453 Peccavi
863 2417 969 2453 etiam
995 2434 998 2452 ι

267 2469 306 2505 in
332 2470 409 2519 lege
437 2468 529 2510 Dei,
558 2474 588 2504 6<
616 2471 650 2505 in
679 2468 969 2518 cogitationibus,
995 2458 997 2482 ¹

1017 660 1057 695 Β,

1012 1107 1046 1144 C

998 2005 1000 2037 ἵ
1017 2009 1045 2042 Ε

1090 283 1115 302 ’ἱ

1090 334 1115 352 9,

1089 384 1114 403 9)

1089 435 1114 453 95

1089 485 1115 503 θ’

1088 535 1114 553 ‘9

1087 586 1113 604 ’ν

1085 636 1112 654 99

1085 686 1111 704 '9

1086 736 1111 754 θ’

1086 786 1111 804 '²

1085 836 1110 854 ’9

1085 887 1110 905 59

1083 937 1110 955 θ’

1084 988 1110 1005 5,

1085 1037 1110 1056 θ’

1085 1088 1111 1106 59

1085 1138 1110 1156 ’2

1087 1188 1110 1206 θ’

1085 1238 1110 1256 9,

1084 1288 1110 1306 95

1085 1339 1110 1356 Ἰ,

1085 1389 1109 1407 ³⁵

1086 1439 1110 1457 Η

1083 1489 1109 1508 9!

1084 1540 1109 1558 θ’

1085 1590 1110 1608 ’ἱ

1085 1641 1110 1658 5)

1085 1691 1109 1708 υ

1085 1741 1109 1758 9⁴)

1085 1790 1109 1808 ’9

1084 1840 1109 1859 θ’

1084 1891 1108 1908 22

1085 1942 1108 1958 Η

1084 1992 1108 2009 n

1084 2042 1108 2060 θ’

1083 2092 1107 2110 9)

1083 2142 1107 2160 ’²

1083 2192 1108 2210 θ’

1083 2240 1106 2261 ,9

1084 2293 1107 2310 θ’

1083 2343 1107 2361 ‘5

1083 2394 1107 2412 ’2

1082 2441 1107 2462 ’2

1085 2494 1109 2514 θ’

1142 256 1180 292 in
1217 259 1403 304 vagatione
1438 259 1592 298 mentis,
1629 258 1666 294 in
1703 260 1776 299 ira,
1807 259 1846 295 ia

1142 316 1228 355 potu
1265 310 1298 342 8<
1327 308 1362 342 in
1401 309 1501 349 cibo,
1527 319 1633 357 atque
1669 309 1704 345 in
1734 309 1846 359 negli-

1141 357 1271 406 gentiis
1293 359 1433 395 multis.
1454 361 1529 408 Ego
1550 360 1741 399 confiteor,
1762 364 1843 408 quia

1141 409 1178 443 in
1206 407 1321 443 saneta
1353 409 1420 444 Dei
1457 410 1608 446 Ecclefia
1635 413 1746 446 multa
1774 425 1844 447 ma-

1141 459 1175 492 la
1201 458 1358 505 cogitavi
1385 458 1422 494 &
1459 461 1679 510 perpetravi;
1709 461 1843 498 inordi-

1139 516 1221 544 nate
1247 508 1285 544 ἃ
1323 507 1464 556 superbe
1498 509 1570 545 steti
1598 509 1635 546 ἃ
1667 492 1757 551 iedi,
1796 514 1843 567 ja-

1139 559 1196 593 cui
1220 582 1231 597 ,
1270 558 1388 606 aspexi
1416 583 1426 599 ,
1468 561 1628 608 perrexi,
1665 561 1779 597 oscula
1765 576 1842 621 xi,

1138 608 1289 644 consensi
1310 633 1320 650 ,
1357 609 1461 659 tetigi
1484 634 1494 650 ,
1532 610 1687 652 intravi,
1726 613 1800 648 exi
1800 614 1845 649 i.

1139 659 1312 695 Similiter
1347 660 1384 694 in
1420 661 1583 696 omnibus
1621 662 1729 702 locis,
1767 663 1843 700 ubi-

1138 721 1288 756 cumque
1315 711 1474 756 voluptas
1503 713 1657 759 corporis
1686 714 1754 749 mei
1788 727 1839 749 me

1138 760 1318 807 perduxit,
1341 760 1572 807 perseveravi.
1600 763 1678 798 Feci
1707 767 1840 800 cantica

1137 810 1274 857 turpia,
1303 814 1332 844 ἄ
1362 810 1480 857 inepta
1508 811 1639 859 protuli
1668 815 1842 851 carmina.

1135 859 1268 895 Osculo
1295 860 1444 896 nefando
1473 863 1627 909 pollutus
1657 863 1721 898 sun
1744 891 1752 900 .
1783 868 1840 900 Sa-

1138 919 1353 945 cramentum
1382 911 1480 958 super
1506 912 1625 948 samsto
1654 915 1776 950 Altare
1804 917 1838 950 &

1137 959 1269 995 sanetas
1298 960 1500 1009 Reliquias,
1522 963 1609 998 xel
1599 977 1634 998 in
1659 965 1778 1000 benedi
1783 965 1840 1001 &a

1137 1012 1250 1046 Cruce
1286 1011 1338 1059 jur
1325 1025 1424 1051 avl,
1450 1013 1484 1047 &
1523 1014 1625 1049 verba
1663 1016 1839 1063 perjuria,

1136 1059 1174 1096 ἃ
1204 1061 1380 1097 mendatia
1408 1064 1566 1110 protuli.
1598 1066 1658 1100 Per
1687 1066 1838 1101 tamum

1139 1111 1207 1146 Dei
1248 1124 1398 1151 nornen,
1439 1114 1470 1147 8<
1513 1113 1641 1150 christi
1683 1118 1841 1165 Evange-

1137 1162 1225 1196 lium
1248 1185 1258 1201 ,
1286 1163 1341 1197 vel
1377 1163 1580 1199 SanElorum
1619 1168 1761 1202 nonina
1800 1180 1839 1203 ac

1137 1224 1282 1257 corpora
1320 1212 1431 1259 juravi
1469 1213 1570 1249 miser
1597 1228 1686 1264 ego.
1713 1216 1840 1252 Confi-

1139 1271 1214 1295 teor
1242 1273 1306 1309 ego
1327 1285 1336 1301 ‚
1373 1262 1455 1311 quia
1494 1265 1642 1300 multum
1674 1280 1752 1306 cecc
1757 1269 1810 1303 axi
1829 1293 1841 1309 ,

1136 1309 1174 1346 ἂ
1202 1313 1313 1346 multa
1345 1314 1436 1348 mala
1472 1314 1628 1362 cogitavi
1656 1319 1686 1351 8<
1720 1332 1798 1366 perf
1795 1333 1837 1354 e—

1137 1361 1227 1396 travi
1255 1362 1405 1408 ubique,
1427 1362 1462 1399 ἃ
1488 1377 1565 1399 cum
1596 1368 1686 1402 mala
1715 1370 1837 1403 volun-

1137 1419 1209 1446 tate
1237 1411 1374 1448 confilia
1403 1415 1492 1448 mala
1520 1415 1596 1450 dedi
1625 1427 1744 1453 contra
1775 1421 1837 1454 Dei

1138 1472 1384 1509 praeceptum,
1421 1465 1452 1499 ἃ
1496 1466 1561 1501 Dei
1598 1470 1837 1505 voluntatem.

1138 1514 1275 1548 Patrem
1312 1527 1427 1557 meum
1456 1514 1493 1552 &
1523 1526 1667 1552 matrem
1706 1532 1840 1560 meam,

1137 1561 1257 1598 fratres
1275 1588 1285 1602 ,
1312 1565 1345 1598 8<
1383 1563 1538 1605 sorores,
1568 1577 1707 1614 patruos
1743 1572 1776 1605 ἃ
1805 1584 1838 1607 a·

1137 1613 1241 1648 mitas
1266 1637 1276 1653 ‚
1318 1613 1384 1649 sive
1431 1616 1593 1653 omnibus
1639 1621 1838 1666 parentibus

1138 1662 1252 1702 meis,
1288 1664 1472 1700 secundum
1513 1667 1579 1702 Dei
1618 1681 1837 1716 praeceptum

1137 1712 1172 1748 ἃ
1202 1715 1442 1755 voluntatem,
1465 1716 1607 1753 honoris
1623 1719 1837 1768 obsequium

1137 1776 1207 1797 non
1234 1765 1380 1804 exibui,
1416 1779 1478 1802 nec
1505 1768 1543 1802 in
1581 1770 1837 1808 neceffiratibus

1135 1826 1278 1852 eorum,
1307 1823 1408 1861 prout
1436 1817 1556 1863 potui,
1577 1820 1728 1866 praefui.
1749 1824 1836 1857 Om-

1136 1876 1194 1898 nes
1231 1863 1465 1905 Christianos,
1492 1866 1578 1903 ficut
1616 1871 1709 1906 Deus
1743 1885 1838 1919 prae-

1135 1914 1250 1961 cepit,
1277 1927 1347 1949 non
1375 1916 1509 1953 dilexi.
1540 1920 1725 1956 Dominica
1754 1923 1838 1963 die,

1135 1965 1167 1999 8<
1206 1963 1483 2013 sollempnitates
1524 1969 1724 2006 Sariastorum
1764 1986 1836 2009 non

1134 2015 1239 2062 digne
1275 2028 1337 2050 nec
1375 2018 1450 2051 Deo
1487 2020 1696 2065 acceptabile
1727 2022 1838 2064 duxi,

1135 2066 1166 2098 8<
1190 2065 1228 2100 ad
1251 2065 1483 2102 nescientibus
1511 2081 1580 2104 non
1609 2072 1838 2109 annuntiavi.

1174 2115 1299 2151 ecimas
1351 2118 1519 2153 bonorum
1570 2132 1725 2157 meorum
1770 2136 1839 2159 non

1134 2165 1298 2201 reddidi.
1339 2167 1584 2205 Latrocinium
1627 2169 1663 2207 ἃ
1705 2171 1838 2209 furtum

1134 2215 1322 2256 abscondi,
1351 2217 1386 2252 ἃ
1416 2220 1610 2260 commedi,
1637 2225 1668 2255 &
1696 2223 1840 2260 abscon-

1135 2267 1272 2301 dentem
1311 2267 1484 2304 consenfi.
1512 2269 1673 2307 Infirmos
1691 2298 1701 2312 ‚
1728 2274 1762 2309 8<
1800 2274 1839 2310 in

1136 2324 1269 2352 carcere
1297 2318 1423 2365 positos
1450 2332 1520 2355 non
1549 2320 1708 2362 v1fitavi,
1730 2325 1840 2361 nudos

1135 2379 1204 2401 non
1232 2368 1381 2409 operui,
1420 2369 1570 2418 hospites
1600 2383 1739 2420 propter
1767 2377 1838 2411 Do-

1135 2420 1264 2453 minum
1294 2432 1362 2454 non
1391 2420 1541 2469 suscepi,
1573 2436 1635 2458 nec
1664 2425 1762 2471 pedes
1782 2438 1841 2461 eo-

1135 2481 1208 2504 rum
1245 2469 1347 2520 lavi;
1385 2471 1587 2509 esurientes
1607 2475 1641 2509 ἃ
1680 2474 1837 2512 ficientes

1182 2520 1216 2554 D
1245 2531 1265 2555 2
1670 2548 1693 2564 ,‚
1720 2538 1791 2561 non
