<?xml version="1.0" encoding="UTF-8"?>
<!DOCTYPE html PUBLIC "-//W3C//DTD XHTML 1.0 Transitional//EN"
    "http://www.w3.org/TR/xhtml1/DTD/xhtml1-transitional.dtd">
<html xmlns="http://www.w3.org/1999/xhtml" xml:lang="en" lang="en">
 <head>
  <title>
</title>
<meta http-equiv="Content-Type" content="text/html;charset=utf-8" />
  <meta name='ocr-system' content='tesseract 3.04.00' />
  <meta name='ocr-capabilities' content='ocr_page ocr_carea ocr_par ocr_line ocrx_word'/>
</head>
<body>
  <div class='ocr_page' id='page_1' title='image "antiquitatesital14mura_0283.png"; bbox 0 0 2206 3032; ppageno 0'>
   <div class='ocr_carea' id='block_1_1' title="bbox 249 233 328 273">
    <p class='ocr_par' dir='ltr' id='par_1_1' title="bbox 249 233 328 273">
     <span class='ocr_line' id='line_1_1' title="bbox 249 233 328 273; baseline 0 -1"><span class='ocrx_word' id='word_1_1' title='bbox 249 233 328 273; x_wconf 69' lang='lat'>537</span> 
     </span>
    </p>
   </div>
   <div class='ocr_carea' id='block_1_2' title="bbox 558 216 1441 260">
    <p class='ocr_par' dir='ltr' id='par_1_2' title="bbox 558 216 1441 260">
     <span class='ocr_line' id='line_1_2' title="bbox 558 216 1441 260; baseline 0.003 -4"><span class='ocrx_word' id='word_1_2' title='bbox 558 216 932 257; x_wconf 62' lang='lat' dir='ltr'>DJSSERTATJO</span> <span class='ocrx_word' id='word_1_3' title='bbox 964 216 1413 260; x_wconf 74' lang='lat' dir='ltr'><em>SEPTUAGESJMA</em></span> <span class='ocrx_word' id='word_1_4' title='bbox 1431 248 1441 259; x_wconf 80' lang='grc'><strong>.</strong></span> 
     </span>
    </p>
   </div>
   <div class='ocr_carea' id='block_1_3' title="bbox 1668 227 1748 278">
    <p class='ocr_par' dir='ltr' id='par_1_3' title="bbox 1668 227 1748 278">
     <span class='ocr_line' id='line_1_3' title="bbox 1668 227 1748 278; baseline -0.025 0"><span class='ocrx_word' id='word_1_5' title='bbox 1668 227 1748 278; x_wconf 63' lang='grc'>535</span> 
     </span>
    </p>
   </div>
   <div class='ocr_carea' id='block_1_4' title="bbox 189 274 1819 323">
    <p class='ocr_par' dir='ltr' id='par_1_4' title="bbox 189 274 1819 323">
     <span class='ocr_line' id='line_1_4' title="bbox 189 274 1819 323; baseline 0.003 -13"><span class='ocrx_word' id='word_1_6' title='bbox 189 274 280 311; x_wconf 65' lang='lat' dir='ltr'>sdzrn</span> <span class='ocrx_word' id='word_1_7' title='bbox 322 275 533 323; x_wconf 64' lang='lat' dir='ltr'>rempcribus</span> <span class='ocrx_word' id='word_1_8' title='bbox 571 287 589 308; x_wconf 92' lang='lat' dir='ltr'>a</span> <span class='ocrx_word' id='word_1_9' title='bbox 616 274 749 310; x_wconf 82' lang='lat' dir='ltr'>ditione</span> <span class='ocrx_word' id='word_1_10' title='bbox 787 275 951 321; x_wconf 73' lang='lat' dir='ltr'>Episcopi</span> <span class='ocrx_word' id='word_1_11' title='bbox 989 283 1036 314; x_wconf 78' lang='lat' dir='ltr'>A·</span> <span class='ocrx_word' id='word_1_12' title='bbox 1064 274 1190 321; x_wconf 71' lang='lat' dir='ltr'>verfhri</span> <span class='ocrx_word' id='word_1_13' title='bbox 1211 278 1386 312; x_wconf 68' lang='lat' dir='ltr'>videntur.</span> <span class='ocrx_word' id='word_1_14' title='bbox 1409 279 1528 323; x_wconf 83' lang='lat' dir='ltr'>Quum</span> <span class='ocrx_word' id='word_1_15' title='bbox 1556 278 1648 314; x_wconf 84' lang='lat' dir='ltr'>enim</span> <span class='ocrx_word' id='word_1_16' title='bbox 1673 282 1819 315; x_wconf 66' lang='lat' dir='ltr'>nebien-</span> 
     </span>
    </p>
   </div>
   <div class='ocr_carea' id='block_1_5' title="bbox 176 324 951 2584">
    <p class='ocr_par' dir='ltr' id='par_1_5' title="bbox 187 324 951 422">
     <span class='ocr_line' id='line_1_5' title="bbox 188 324 951 373; baseline -0.003 -12"><span class='ocrx_word' id='word_1_17' title='bbox 188 326 370 369; x_wconf 85' lang='lat' dir='ltr'>avulsum,</span> <span class='ocrx_word' id='word_1_18' title='bbox 400 325 458 360; x_wconf 89' lang='lat' dir='ltr'>uni</span> <span class='ocrx_word' id='word_1_19' title='bbox 494 325 571 360; x_wconf 88' lang='lat' dir='ltr'>suae</span> <span class='ocrx_word' id='word_1_20' title='bbox 598 324 637 359; x_wconf 90' lang='lat' dir='ltr'>in</span> <span class='ocrx_word' id='word_1_21' title='bbox 673 324 843 373; x_wconf 85' lang='lat' dir='ltr'>posterum</span> <span class='ocrx_word' id='word_1_22' title='bbox 874 325 951 359; x_wconf 85' lang='lat' dir='ltr'>vult</span> 
     </span>
     <span class='ocr_line' id='line_1_6' title="bbox 187 374 635 422; baseline -0.002 -10"><span class='ocrx_word' id='word_1_23' title='bbox 187 376 392 412; x_wconf 58' lang='lat' dir='ltr'>auctoritati</span> <span class='ocrx_word' id='word_1_24' title='bbox 422 374 635 422; x_wconf 55' lang='lat' dir='ltr'>subjeetum.</span> 
     </span>
    </p>

    <p class='ocr_par' dir='ltr' id='par_1_6' title="bbox 176 423 949 2584">
     <span class='ocr_line' id='line_1_7' title="bbox 238 423 949 473; baseline -0.004 -10"><span class='ocrx_word' id='word_1_25' title='bbox 238 427 345 473; x_wconf 86' lang='lat' dir='ltr'>Quod</span> <span class='ocrx_word' id='word_1_26' title='bbox 374 426 432 461; x_wconf 85' lang='lat' dir='ltr'>ubi</span> <span class='ocrx_word' id='word_1_27' title='bbox 462 423 712 469; x_wconf 87' lang='lat' dir='ltr'>animadverti,</span> <span class='ocrx_word' id='word_1_28' title='bbox 734 423 868 467; x_wconf 87' lang='lat' dir='ltr'>fateor,</span> <span class='ocrx_word' id='word_1_29' title='bbox 895 423 949 461; x_wconf 85' lang='lat' dir='ltr'>in-</span> 
     </span>
     <span class='ocr_line' id='line_1_8' title="bbox 188 474 947 526; baseline -0.004 -13"><span class='ocrx_word' id='word_1_30' title='bbox 188 478 276 526; x_wconf 81' lang='lat' dir='ltr'>gesta</span> <span class='ocrx_word' id='word_1_31' title='bbox 313 476 403 512; x_wconf 85' lang='lat' dir='ltr'>mihi</span> <span class='ocrx_word' id='word_1_32' title='bbox 445 474 489 510; x_wconf 88' lang='lat' dir='ltr'>est</span> <span class='ocrx_word' id='word_1_33' title='bbox 527 474 705 510; x_wconf 79' lang='lat' dir='ltr'>dubitatio</span> <span class='ocrx_word' id='word_1_34' title='bbox 747 474 789 510; x_wconf 88' lang='lat' dir='ltr'>de</span> <span class='ocrx_word' id='word_1_35' title='bbox 824 475 947 522; x_wconf 84' lang='lat' dir='ltr'>quibu-</span> 
     </span>
     <span class='ocr_line' id='line_1_9' title="bbox 189 523 947 572; baseline -0.001 -10"><span class='ocrx_word' id='word_1_36' title='bbox 189 529 281 563; x_wconf 85' lang='lat' dir='ltr'>sdam</span> <span class='ocrx_word' id='word_1_37' title='bbox 310 527 389 562; x_wconf 84' lang='lat' dir='ltr'>aliis</span> <span class='ocrx_word' id='word_1_38' title='bbox 413 525 447 560; x_wconf 81' lang='lat' dir='ltr'>id</span> <span class='ocrx_word' id='word_1_39' title='bbox 469 537 575 572; x_wconf 82' lang='lat' dir='ltr'>genus</span> <span class='ocrx_word' id='word_1_40' title='bbox 601 523 852 571; x_wconf 80' lang='lat' dir='ltr'>antiquiffimis</span> <span class='ocrx_word' id='word_1_41' title='bbox 877 525 947 561; x_wconf 80' lang='lat' dir='ltr'>Pri-</span> 
     </span>
     <span class='ocr_line' id='line_1_10' title="bbox 186 575 946 626; baseline -0.004 -13"><span class='ocrx_word' id='word_1_42' title='bbox 186 577 348 626; x_wconf 83' lang='lat' dir='ltr'>vilegiis.</span> <span class='ocrx_word' id='word_1_43' title='bbox 376 575 535 622; x_wconf 76' lang='lat' dir='ltr'>ughellii</span> <span class='ocrx_word' id='word_1_44' title='bbox 562 575 702 610; x_wconf 83' lang='lat' dir='ltr'>Italiam</span> <span class='ocrx_word' id='word_1_45' title='bbox 729 577 864 610; x_wconf 82' lang='lat' dir='ltr'><strong>Sacram</strong></span> <span class='ocrx_word' id='word_1_46' title='bbox 887 576 946 610; x_wconf 86' lang='lat' dir='ltr'>sta-</span> 
     </span>
     <span class='ocr_line' id='line_1_11' title="bbox 185 626 946 671; baseline -0.003 -8"><span class='ocrx_word' id='word_1_47' title='bbox 185 636 246 664; x_wconf 86' lang='lat' dir='ltr'>tue</span> <span class='ocrx_word' id='word_1_48' title='bbox 274 628 337 662; x_wconf 85' lang='lat' dir='ltr'>tibi</span> <span class='ocrx_word' id='word_1_49' title='bbox 365 636 445 660; x_wconf 86' lang='lat' dir='ltr'>ante</span> <span class='ocrx_word' id='word_1_50' title='bbox 472 626 593 661; x_wconf 89' lang='lat' dir='ltr'>oculos</span> <span class='ocrx_word' id='word_1_51' title='bbox 621 626 727 661; x_wconf 88' lang='lat' dir='ltr'>Tom.</span> <span class='ocrx_word' id='word_1_52' title='bbox 755 638 793 671; x_wconf 91' lang='lat'>4.</span> <span class='ocrx_word' id='word_1_53' title='bbox 814 626 851 661; x_wconf 90' lang='lat' dir='ltr'>in</span> <span class='ocrx_word' id='word_1_54' title='bbox 880 627 946 661; x_wconf 87' lang='lat' dir='ltr'>Ca·</span> 
     </span>
     <span class='ocr_line' id='line_1_12' title="bbox 183 675 947 725; baseline -0.004 -11"><span class='ocrx_word' id='word_1_55' title='bbox 183 679 294 725; x_wconf 85' lang='lat' dir='ltr'>talog.</span> <span class='ocrx_word' id='word_1_56' title='bbox 332 675 537 723; x_wconf 85' lang='lat' dir='ltr'>Episcopor.</span> <span class='ocrx_word' id='word_1_57' title='bbox 565 675 811 714; x_wconf 86' lang='lat' dir='ltr'>Bobienfium,</span> <span class='ocrx_word' id='word_1_58' title='bbox 840 685 947 721; x_wconf 88' lang='lat' dir='ltr'>atque</span> 
     </span>
     <span class='ocr_line' id='line_1_13' title="bbox 183 723 946 768; baseline -0.004 -5"><span class='ocrx_word' id='word_1_59' title='bbox 183 727 322 763; x_wconf 82' lang='lat' dir='ltr'>intente</span> <span class='ocrx_word' id='word_1_60' title='bbox 349 728 524 762; x_wconf 86' lang='lat' dir='ltr'>decretum</span> <span class='ocrx_word' id='word_1_61' title='bbox 556 725 676 761; x_wconf 70' lang='lat' dir='ltr'>Sanffi</span> <span class='ocrx_word' id='word_1_62' title='bbox 703 723 946 768; x_wconf 78' lang='lat' dir='ltr'>columbani,</span> 
     </span>
     <span class='ocr_line' id='line_1_14' title="bbox 183 775 945 826; baseline -0.004 -14"><span class='ocrx_word' id='word_1_63' title='bbox 183 781 214 812; x_wconf 67' lang='grc' dir='ltr'>ἀ</span> <span class='ocrx_word' id='word_1_64' title='bbox 244 776 435 826; x_wconf 85' lang='lat' dir='ltr'>Privilegia</span> <span class='ocrx_word' id='word_1_65' title='bbox 467 790 485 812; x_wconf 89' lang='lat' dir='ltr'>a</span> <span class='ocrx_word' id='word_1_66' title='bbox 511 775 686 824; x_wconf 83' lang='lat' dir='ltr'>Gregorio</span> <span class='ocrx_word' id='word_1_67' title='bbox 721 776 878 823; x_wconf 86' lang='lat' dir='ltr'>Magno,</span> <span class='ocrx_word' id='word_1_68' title='bbox 905 787 945 810; x_wconf 88' lang='lat' dir='ltr'>ac</span> 
     </span>
     <span class='ocr_line' id='line_1_15' title="bbox 183 824 944 864; baseline -0.004 0"><span class='ocrx_word' id='word_1_69' title='bbox 183 827 374 864; x_wconf 81' lang='lat' dir='ltr'>Theodoro</span> <span class='ocrx_word' id='word_1_70' title='bbox 425 828 451 864; x_wconf 77' lang='grc' dir='ltr'>Ῐ.</span> <span class='ocrx_word' id='word_1_71' title='bbox 499 828 662 862; x_wconf 80' lang='lat' dir='ltr'>Romanis</span> <span class='ocrx_word' id='word_1_72' title='bbox 713 824 944 861; x_wconf 82' lang='lat' dir='ltr'>Pontificibus</span> 
     </span>
     <span class='ocr_line' id='line_1_16' title="bbox 183 876 944 924; baseline -0.004 -10"><span class='ocrx_word' id='word_1_73' title='bbox 183 878 338 914; x_wconf 82' lang='lat' dir='ltr'>conceffa</span> <span class='ocrx_word' id='word_1_74' title='bbox 379 877 554 916; x_wconf 81' lang='lat' dir='ltr'>scrutare,</span> <span class='ocrx_word' id='word_1_75' title='bbox 590 876 718 924; x_wconf 83' lang='lat' dir='ltr'>quibus</span> <span class='ocrx_word' id='word_1_76' title='bbox 761 877 944 911; x_wconf 81' lang='lat' dir='ltr'>celeberri-</span> 
     </span>
     <span class='ocr_line' id='line_1_17' title="bbox 184 927 943 964; baseline -0.003 -1"><span class='ocrx_word' id='word_1_77' title='bbox 184 941 281 964; x_wconf 89' lang='lat' dir='ltr'>mum</span> <span class='ocrx_word' id='word_1_78' title='bbox 319 927 488 963; x_wconf 80' lang='lat' dir='ltr'>Bobiense</span> <span class='ocrx_word' id='word_1_79' title='bbox 525 927 772 962; x_wconf 79' lang='lat' dir='ltr'>Monasterium</span> <span class='ocrx_word' id='word_1_80' title='bbox 804 927 865 961; x_wconf 89' lang='lat' dir='ltr'>uni</span> <span class='ocrx_word' id='word_1_81' title='bbox 894 928 943 962; x_wconf 86' lang='lat' dir='ltr'>A-</span> 
     </span>
     <span class='ocr_line' id='line_1_18' title="bbox 183 977 943 1026; baseline 0 -13"><span class='ocrx_word' id='word_1_82' title='bbox 183 978 370 1026; x_wconf 86' lang='lat' dir='ltr'>postolicae</span> <span class='ocrx_word' id='word_1_83' title='bbox 413 979 491 1013; x_wconf 86' lang='lat' dir='ltr'>Sedi</span> <span class='ocrx_word' id='word_1_84' title='bbox 542 977 739 1013; x_wconf 78' lang='lat' dir='ltr'>obnoxium</span> <span class='ocrx_word' id='word_1_85' title='bbox 780 977 943 1024; x_wconf 76' lang='lat' dir='ltr'>deinceps</span> 
     </span>
     <span class='ocr_line' id='line_1_19' title="bbox 183 1027 941 1074; baseline -0.003 -10"><span class='ocrx_word' id='word_1_86' title='bbox 183 1028 259 1064; x_wconf 87' lang='lat' dir='ltr'>fore</span> <span class='ocrx_word' id='word_1_87' title='bbox 298 1028 515 1063; x_wconf 81' lang='lat' dir='ltr'>decernitur.</span> <span class='ocrx_word' id='word_1_88' title='bbox 551 1027 668 1074; x_wconf 84' lang='lat' dir='ltr'>Atqui</span> <span class='ocrx_word' id='word_1_89' title='bbox 709 1027 749 1062; x_wconf 89' lang='lat' dir='ltr'>in</span> <span class='ocrx_word' id='word_1_90' title='bbox 790 1027 839 1062; x_wconf 83' lang='lat' dir='ltr'>eis</span> <span class='ocrx_word' id='word_1_91' title='bbox 882 1040 941 1073; x_wconf 87' lang='lat' dir='ltr'>pu-</span> 
     </span>
     <span class='ocr_line' id='line_1_20' title="bbox 184 1075 942 1127; baseline -0.001 -13"><span class='ocrx_word' id='word_1_92' title='bbox 184 1078 328 1127; x_wconf 87' lang='lat' dir='ltr'>gnantia</span> <span class='ocrx_word' id='word_1_93' title='bbox 369 1091 445 1114; x_wconf 89' lang='lat' dir='ltr'>cum</span> <span class='ocrx_word' id='word_1_94' title='bbox 486 1075 732 1125; x_wconf 86' lang='lat' dir='ltr'>Chronologia</span> <span class='ocrx_word' id='word_1_95' title='bbox 769 1089 807 1112; x_wconf 86' lang='lat' dir='ltr'>ac</span> <span class='ocrx_word' id='word_1_96' title='bbox 843 1077 942 1113; x_wconf 85' lang='lat' dir='ltr'>illius</span> 
     </span>
     <span class='ocr_line' id='line_1_21' title="bbox 183 1127 940 1164; baseline -0.003 0"><span class='ocrx_word' id='word_1_97' title='bbox 183 1129 320 1164; x_wconf 84' lang='lat' dir='ltr'>Saeculi</span> <span class='ocrx_word' id='word_1_98' title='bbox 342 1128 497 1164; x_wconf 84' lang='lat' dir='ltr'>moribus</span> <span class='ocrx_word' id='word_1_99' title='bbox 517 1127 690 1163; x_wconf 80' lang='lat' dir='ltr'>offendes.</span> <span class='ocrx_word' id='word_1_100' title='bbox 707 1127 850 1163; x_wconf 67' lang='lat' dir='ltr'>SanEius</span> <span class='ocrx_word' id='word_1_101' title='bbox 871 1130 940 1162; x_wconf 85' lang='lat' dir='ltr'>Co-</span> 
     </span>
     <span class='ocr_line' id='line_1_22' title="bbox 182 1177 940 1220; baseline -0.003 -6"><span class='ocrx_word' id='word_1_102' title='bbox 182 1179 323 1218; x_wconf 82' lang='lat' dir='ltr'>lumba,</span> <span class='ocrx_word' id='word_1_103' title='bbox 360 1179 427 1214; x_wconf 85' lang='lat' dir='ltr'>five</span> <span class='ocrx_word' id='word_1_104' title='bbox 467 1178 727 1220; x_wconf 80' lang='lat' dir='ltr'>columbanus,</span> <span class='ocrx_word' id='word_1_105' title='bbox 767 1177 940 1213; x_wconf 86' lang='lat' dir='ltr'>Monaste-</span> 
     </span>
     <span class='ocr_line' id='line_1_23' title="bbox 182 1226 941 1276; baseline -0.003 -12"><span class='ocrx_word' id='word_1_106' title='bbox 182 1229 272 1264; x_wconf 84' lang='lat' dir='ltr'>rium</span> <span class='ocrx_word' id='word_1_107' title='bbox 303 1229 391 1264; x_wconf 87' lang='lat' dir='ltr'>illud</span> <span class='ocrx_word' id='word_1_108' title='bbox 410 1226 472 1276; x_wconf 81' lang='lat' dir='ltr'>fitb</span> <span class='ocrx_word' id='word_1_109' title='bbox 508 1229 677 1275; x_wconf 67' lang='lat' dir='ltr'>dejbtzstone</span> <span class='ocrx_word' id='word_1_110' title='bbox 713 1228 755 1261; x_wconf 69' lang='lat' dir='ltr'>O·</span> <span class='ocrx_word' id='word_1_111' title='bbox 790 1230 941 1262; x_wconf 77' lang='lat' dir='ltr'>immuni-</span> 
     </span>
     <span class='ocr_line' id='line_1_24' title="bbox 181 1277 939 1326; baseline -0.001 -13"><span class='ocrx_word' id='word_1_112' title='bbox 181 1289 254 1314; x_wconf 83' lang='lat' dir='ltr'><em>tate</em></span> <span class='ocrx_word' id='word_1_113' title='bbox 271 1277 458 1326; x_wconf 58' lang='lat' dir='ltr'>fhnffiffime</span> <span class='ocrx_word' id='word_1_114' title='bbox 491 1280 587 1314; x_wconf 80' lang='lat' dir='ltr'>Sedis</span> <span class='ocrx_word' id='word_1_115' title='bbox 615 1279 804 1324; x_wconf 81' lang='lat' dir='ltr'>Apostolicae</span> <span class='ocrx_word' id='word_1_116' title='bbox 833 1279 939 1325; x_wconf 79' lang='lat' dir='ltr'>consti-</span> 
     </span>
     <span class='ocr_line' id='line_1_25' title="bbox 182 1330 936 1375; baseline -0.003 -12"><span class='ocrx_word' id='word_1_117' title='bbox 182 1332 252 1364; x_wconf 83' lang='lat' dir='ltr'><em>tuit</em></span> <span class='ocrx_word' id='word_1_118' title='bbox 281 1334 369 1364; x_wconf 79' lang='lat' dir='ltr'>Anno</span> <span class='ocrx_word' id='word_1_119' title='bbox 398 1333 451 1365; x_wconf 88' lang='lat' dir='ltr'>IV.</span> <span class='ocrx_word' id='word_1_120' title='bbox 479 1330 635 1373; x_wconf 75' lang='lat' dir='ltr'><em>Gregorii</em></span> <span class='ocrx_word' id='word_1_121' title='bbox 655 1330 775 1375; x_wconf 80' lang='lat' dir='ltr'>Jummi</span> <span class='ocrx_word' id='word_1_122' title='bbox 805 1330 936 1373; x_wconf 74' lang='lat' dir='ltr'>Pontifi-</span> 
     </span>
     <span class='ocr_line' id='line_1_26' title="bbox 180 1381 939 1426; baseline 0 -13"><span class='ocrx_word' id='word_1_123' title='bbox 180 1381 248 1419; x_wconf 82' lang='lat' dir='ltr'>cis,</span> <span class='ocrx_word' id='word_1_124' title='bbox 275 1381 452 1414; x_wconf 70' lang='lat' dir='ltr'>Indicslione</span> <span class='ocrx_word' id='word_1_125' title='bbox 486 1384 549 1413; x_wconf 85' lang='lat' dir='ltr'><em>III.</em></span> <span class='ocrx_word' id='word_1_126' title='bbox 577 1391 684 1426; x_wconf 89' lang='lat' dir='ltr'>quum</span> <span class='ocrx_word' id='word_1_127' title='bbox 719 1389 836 1414; x_wconf 86' lang='lat' dir='ltr'>tamen</span> <span class='ocrx_word' id='word_1_128' title='bbox 863 1381 939 1414; x_wconf 90' lang='lat' dir='ltr'>An-</span> 
     </span>
     <span class='ocr_line' id='line_1_27' title="bbox 180 1429 939 1476; baseline -0.001 -12"><span class='ocrx_word' id='word_1_129' title='bbox 180 1441 226 1464; x_wconf 86' lang='lat' dir='ltr'>no</span> <span class='ocrx_word' id='word_1_130' title='bbox 252 1431 391 1474; x_wconf 79' lang='lat' dir='ltr'>Quarto</span> <span class='ocrx_word' id='word_1_131' title='bbox 418 1429 646 1464; x_wconf 72' lang='lat' dir='ltr'>pontificatus</span> <span class='ocrx_word' id='word_1_132' title='bbox 670 1429 833 1476; x_wconf 84' lang='lat' dir='ltr'>Gregorii</span> <span class='ocrx_word' id='word_1_133' title='bbox 861 1431 939 1463; x_wconf 90' lang='lat' dir='ltr'>Ma·</span> 
     </span>
     <span class='ocr_line' id='line_1_28' title="bbox 179 1478 940 1527; baseline 0 -14"><span class='ocrx_word' id='word_1_134' title='bbox 179 1478 262 1527; x_wconf 82' lang='lat' dir='ltr'>gni,</span> <span class='ocrx_word' id='word_1_135' title='bbox 290 1478 373 1515; x_wconf 82' lang='lat' dir='ltr'>idest</span> <span class='ocrx_word' id='word_1_136' title='bbox 403 1480 510 1514; x_wconf 89' lang='lat' dir='ltr'>Anno</span> <span class='ocrx_word' id='word_1_137' title='bbox 548 1480 715 1514; x_wconf 81' lang='lat' dir='ltr'>DXCIII.</span> <span class='ocrx_word' id='word_1_138' title='bbox 745 1479 940 1513; x_wconf 74' lang='lat' dir='ltr'>decurreret</span> 
     </span>
     <span class='ocr_line' id='line_1_29' title="bbox 181 1528 939 1576; baseline -0.001 -12"><span class='ocrx_word' id='word_1_139' title='bbox 181 1531 315 1565; x_wconf 60' lang='lat' dir='ltr'>Indic‘iio</span> <span class='ocrx_word' id='word_1_140' title='bbox 343 1532 405 1564; x_wconf 89' lang='lat' dir='ltr'>IX.</span> <span class='ocrx_word' id='word_1_141' title='bbox 431 1538 492 1564; x_wconf 87' lang='lat' dir='ltr'>aut</span> <span class='ocrx_word' id='word_1_142' title='bbox 518 1532 564 1564; x_wconf 89' lang='lat' dir='ltr'>X.</span> <span class='ocrx_word' id='word_1_143' title='bbox 592 1528 728 1576; x_wconf 72' lang='lat' dir='ltr'>Scripta</span> <span class='ocrx_word' id='word_1_144' title='bbox 752 1529 858 1564; x_wconf 81' lang='lat' dir='ltr'>etiam</span> <span class='ocrx_word' id='word_1_145' title='bbox 888 1529 939 1564; x_wconf 85' lang='lat' dir='ltr'>di-</span> 
     </span>
     <span class='ocr_line' id='line_1_30' title="bbox 178 1578 937 1622; baseline -0.001 -7"><span class='ocrx_word' id='word_1_146' title='bbox 178 1579 271 1615; x_wconf 82' lang='lat' dir='ltr'>citur</span> <span class='ocrx_word' id='word_1_147' title='bbox 299 1579 433 1616; x_wconf 81' lang='lat' dir='ltr'>Charta</span> <span class='ocrx_word' id='word_1_148' title='bbox 460 1578 512 1622; x_wconf 52' lang='lat' dir='ltr'>(izb</span> <span class='ocrx_word' id='word_1_149' title='bbox 548 1581 601 1615; x_wconf 83' lang='lat' dir='ltr'>die</span> <span class='ocrx_word' id='word_1_150' title='bbox 627 1584 689 1615; x_wconf 90' lang='lat' dir='ltr'>Ill.</span> <span class='ocrx_word' id='word_1_151' title='bbox 718 1580 838 1622; x_wconf 77' lang='lat' dir='ltr'>Mensis</span> <span class='ocrx_word' id='word_1_152' title='bbox 867 1583 937 1614; x_wconf 86' lang='lat' dir='ltr'>No-</span> 
     </span>
     <span class='ocr_line' id='line_1_31' title="bbox 177 1628 938 1673; baseline 0.001 -10"><span class='ocrx_word' id='word_1_153' title='bbox 177 1630 342 1673; x_wconf 79' lang='lat' dir='ltr'>vembris,</span> <span class='ocrx_word' id='word_1_154' title='bbox 370 1629 462 1673; x_wconf 78' lang='lat' dir='ltr'>quafi</span> <span class='ocrx_word' id='word_1_155' title='bbox 491 1639 575 1664; x_wconf 91' lang='lat' dir='ltr'>tunc</span> <span class='ocrx_word' id='word_1_156' title='bbox 602 1629 640 1664; x_wconf 89' lang='lat' dir='ltr'>in</span> <span class='ocrx_word' id='word_1_157' title='bbox 668 1628 729 1671; x_wconf 79' lang='lat' dir='ltr'>usu</span> <span class='ocrx_word' id='word_1_158' title='bbox 765 1642 837 1664; x_wconf 86' lang='lat' dir='ltr'>non</span> <span class='ocrx_word' id='word_1_159' title='bbox 869 1628 938 1664; x_wconf 87' lang='lat' dir='ltr'>sue-</span> 
     </span>
     <span class='ocr_line' id='line_1_32' title="bbox 178 1677 938 1727; baseline -0.001 -12"><span class='ocrx_word' id='word_1_160' title='bbox 178 1680 228 1716; x_wconf 85' lang='lat' dir='ltr'>rit</span> <span class='ocrx_word' id='word_1_161' title='bbox 267 1693 324 1727; x_wconf 86' lang='lat' dir='ltr'>per</span> <span class='ocrx_word' id='word_1_162' title='bbox 359 1679 556 1717; x_wconf 78' lang='lat' dir='ltr'>Kalendas,</span> <span class='ocrx_word' id='word_1_163' title='bbox 590 1681 732 1718; x_wconf 84' lang='lat' dir='ltr'>Nonas,</span> <span class='ocrx_word' id='word_1_164' title='bbox 758 1677 796 1714; x_wconf 72' lang='grc' dir='ltr'>ἃ</span> <span class='ocrx_word' id='word_1_165' title='bbox 837 1679 938 1720; x_wconf 87' lang='lat' dir='ltr'>Idus,</span> 
     </span>
     <span class='ocr_line' id='line_1_33' title="bbox 177 1728 937 1778; baseline 0 -13"><span class='ocrx_word' id='word_1_166' title='bbox 177 1729 386 1778; x_wconf 78' lang='lat' dir='ltr'>distinguere</span> <span class='ocrx_word' id='word_1_167' title='bbox 413 1729 485 1764; x_wconf 83' lang='lat' dir='ltr'>dies</span> <span class='ocrx_word' id='word_1_168' title='bbox 523 1728 672 1765; x_wconf 71' lang='lat' dir='ltr'>Mensis.</span> <span class='ocrx_word' id='word_1_169' title='bbox 702 1728 756 1764; x_wconf 83' lang='lat' dir='ltr'>Ibi</span> <span class='ocrx_word' id='word_1_170' title='bbox 787 1741 937 1765; x_wconf 87' lang='lat' dir='ltr'>comme-</span> 
     </span>
     <span class='ocr_line' id='line_1_34' title="bbox 179 1779 934 1827; baseline 0 -12"><span class='ocrx_word' id='word_1_171' title='bbox 179 1791 333 1815; x_wconf 78' lang='lat' dir='ltr'>moratur</span> <span class='ocrx_word' id='word_1_172' title='bbox 373 1781 599 1827; x_wconf 80' lang='lat' dir='ltr'>Praeceptum</span> <span class='ocrx_word' id='word_1_173' title='bbox 638 1793 676 1815; x_wconf 89' lang='lat' dir='ltr'>ac</span> <span class='ocrx_word' id='word_1_174' title='bbox 712 1779 859 1814; x_wconf 75' lang='lat' dir='ltr'>donatio</span> <span class='ocrx_word' id='word_1_175' title='bbox 891 1779 934 1815; x_wconf 81' lang='lat' dir='ltr'>fa-</span> 
     </span>
     <span class='ocr_line' id='line_1_35' title="bbox 177 1828 937 1878; baseline -0.003 -12"><span class='ocrx_word' id='word_1_176' title='bbox 177 1830 234 1866; x_wconf 63' lang='lat' dir='ltr'>&amp;a</span> <span class='ocrx_word' id='word_1_177' title='bbox 261 1831 304 1865; x_wconf 92' lang='lat' dir='ltr'>ab</span> <span class='ocrx_word' id='word_1_178' title='bbox 344 1830 487 1874; x_wconf 78' lang='lat' dir='ltr'>Agilulfh</span> <span class='ocrx_word' id='word_1_179' title='bbox 520 1834 631 1874; x_wconf 77' lang='lat' dir='ltr'>Rege:</span> <span class='ocrx_word' id='word_1_180' title='bbox 657 1843 696 1865; x_wconf 92' lang='lat' dir='ltr'>ac</span> <span class='ocrx_word' id='word_1_181' title='bbox 732 1828 855 1865; x_wconf 86' lang='lat' dir='ltr'>deinde</span> <span class='ocrx_word' id='word_1_182' title='bbox 886 1829 937 1878; x_wconf 81' lang='lat' dir='ltr'>ip-</span> 
     </span>
     <span class='ocr_line' id='line_1_36' title="bbox 177 1880 939 1928; baseline -0.003 -11"><span class='ocrx_word' id='word_1_183' title='bbox 177 1881 253 1917; x_wconf 87' lang='lat' dir='ltr'>sum</span> <span class='ocrx_word' id='word_1_184' title='bbox 290 1882 515 1928; x_wconf 79' lang='lat' dir='ltr'>Praeceptum</span> <span class='ocrx_word' id='word_1_185' title='bbox 555 1880 719 1923; x_wconf 83' lang='lat' dir='ltr'>additur,</span> <span class='ocrx_word' id='word_1_186' title='bbox 756 1880 850 1927; x_wconf 90' lang='lat' dir='ltr'>quod</span> <span class='ocrx_word' id='word_1_187' title='bbox 887 1889 939 1916; x_wconf 83' lang='lat' dir='ltr'>ta-</span> 
     </span>
     <span class='ocr_line' id='line_1_37' title="bbox 178 1930 934 1976; baseline -0.001 -9"><span class='ocrx_word' id='word_1_188' title='bbox 178 1944 259 1967; x_wconf 79' lang='lat' dir='ltr'>men</span> <span class='ocrx_word' id='word_1_189' title='bbox 288 1933 463 1966; x_wconf 65' lang='lat' dir='ltr'>Inds&#39;fflione</span> <span class='ocrx_word' id='word_1_190' title='bbox 491 1932 636 1976; x_wconf 70' lang='lat' dir='ltr'>,Qim‘la</span> <span class='ocrx_word' id='word_1_191' title='bbox 664 1930 821 1966; x_wconf 78' lang='lat' dir='ltr'>emiffum</span> <span class='ocrx_word' id='word_1_192' title='bbox 850 1930 934 1966; x_wconf 85' lang='lat' dir='ltr'>dici-</span> 
     </span>
     <span class='ocr_line' id='line_1_38' title="bbox 178 1981 938 2027; baseline -0.001 -10"><span class='ocrx_word' id='word_1_193' title='bbox 178 1991 257 2025; x_wconf 86' lang='lat' dir='ltr'>tur,</span> <span class='ocrx_word' id='word_1_194' title='bbox 285 1981 351 2016; x_wconf 88' lang='lat' dir='ltr'>hoc</span> <span class='ocrx_word' id='word_1_195' title='bbox 378 1982 423 2017; x_wconf 88' lang='lat' dir='ltr'>est</span> <span class='ocrx_word' id='word_1_196' title='bbox 461 1983 568 2016; x_wconf 87' lang='lat' dir='ltr'>Anno</span> <span class='ocrx_word' id='word_1_197' title='bbox 603 1983 717 2017; x_wconf 86' lang='lat' dir='ltr'><strong>DCII.</strong></span> <span class='ocrx_word' id='word_1_198' title='bbox 754 1994 794 2017; x_wconf 88' lang='lat' dir='ltr'>ac</span> <span class='ocrx_word' id='word_1_199' title='bbox 823 1981 938 2027; x_wconf 83' lang='lat' dir='ltr'>proin-</span> 
     </span>
     <span class='ocr_line' id='line_1_39' title="bbox 178 2031 939 2080; baseline -0.004 -12"><span class='ocrx_word' id='word_1_200' title='bbox 178 2033 220 2068; x_wconf 92' lang='lat' dir='ltr'>de</span> <span class='ocrx_word' id='word_1_201' title='bbox 247 2033 351 2080; x_wconf 81' lang='lat' dir='ltr'>longe</span> <span class='ocrx_word' id='word_1_202' title='bbox 379 2031 563 2080; x_wconf 85' lang='lat' dir='ltr'>posterius.</span> <span class='ocrx_word' id='word_1_203' title='bbox 593 2031 785 2080; x_wconf 82' lang='lat' dir='ltr'>Ughellius</span> <span class='ocrx_word' id='word_1_204' title='bbox 821 2031 893 2080; x_wconf 83' lang='lat' dir='ltr'>ipse</span> <span class='ocrx_word' id='word_1_205' title='bbox 920 2044 939 2066; x_wconf 93' lang='lat' dir='ltr'>a</span> 
     </span>
     <span class='ocr_line' id='line_1_40' title="bbox 177 2082 937 2129; baseline -0.001 -11"><span class='ocrx_word' id='word_1_206' title='bbox 177 2082 212 2118; x_wconf 92' lang='lat' dir='ltr'>se</span> <span class='ocrx_word' id='word_1_207' title='bbox 244 2082 427 2129; x_wconf 81' lang='lat' dir='ltr'>impetrare</span> <span class='ocrx_word' id='word_1_208' title='bbox 463 2094 533 2117; x_wconf 90' lang='lat' dir='ltr'>non</span> <span class='ocrx_word' id='word_1_209' title='bbox 571 2082 711 2129; x_wconf 79' lang='lat' dir='ltr'>potuit.</span> <span class='ocrx_word' id='word_1_210' title='bbox 738 2084 825 2129; x_wconf 88' lang='lat' dir='ltr'>quin</span> <span class='ocrx_word' id='word_1_211' title='bbox 866 2082 937 2117; x_wconf 36' lang='lat' dir='ltr'>Priq</span> 
     </span>
     <span class='ocr_line' id='line_1_41' title="bbox 178 2133 938 2181; baseline -0.001 -13"><span class='ocrx_word' id='word_1_212' title='bbox 178 2133 375 2181; x_wconf 83' lang='lat' dir='ltr'>vilegium,</span> <span class='ocrx_word' id='word_1_213' title='bbox 416 2133 510 2180; x_wconf 92' lang='lat' dir='ltr'>quod</span> <span class='ocrx_word' id='word_1_214' title='bbox 553 2146 571 2168; x_wconf 92' lang='lat' dir='ltr'>a</span> <span class='ocrx_word' id='word_1_215' title='bbox 612 2133 804 2170; x_wconf 88' lang='lat' dir='ltr'>Theodoro</span> <span class='ocrx_word' id='word_1_216' title='bbox 846 2134 938 2180; x_wconf 85' lang='lat' dir='ltr'>Papa</span> 
     </span>
     <span class='ocr_line' id='line_1_42' title="bbox 179 2182 936 2227; baseline -0.004 -7"><span class='ocrx_word' id='word_1_217' title='bbox 179 2184 361 2220; x_wconf 87' lang='lat' dir='ltr'>Bobuleno</span> <span class='ocrx_word' id='word_1_218' title='bbox 397 2182 534 2219; x_wconf 80' lang='lat' dir='ltr'>Abbati</span> <span class='ocrx_word' id='word_1_219' title='bbox 573 2183 768 2219; x_wconf 72' lang='lat' dir='ltr'>concessum</span> <span class='ocrx_word' id='word_1_220' title='bbox 806 2183 936 2227; x_wconf 85' lang='lat' dir='ltr'>fertur,</span> 
     </span>
     <span class='ocr_line' id='line_1_43' title="bbox 176 2232 936 2281; baseline -0.003 -11"><span class='ocrx_word' id='word_1_221' title='bbox 176 2234 383 2281; x_wconf 84' lang='lat' dir='ltr'>editumque</span> <span class='ocrx_word' id='word_1_222' title='bbox 417 2233 462 2270; x_wconf 88' lang='lat' dir='ltr'>est</span> <span class='ocrx_word' id='word_1_223' title='bbox 487 2233 594 2269; x_wconf 84' lang='lat' dir='ltr'>etiarn</span> <span class='ocrx_word' id='word_1_224' title='bbox 630 2236 667 2269; x_wconf 91' lang='lat' dir='ltr'>in</span> <span class='ocrx_word' id='word_1_225' title='bbox 708 2234 837 2269; x_wconf 85' lang='lat' dir='ltr'>Bullar.</span> <span class='ocrx_word' id='word_1_226' title='bbox 866 2232 936 2269; x_wconf 89' lang='lat' dir='ltr'>Ca-</span> 
     </span>
     <span class='ocr_line' id='line_1_44' title="bbox 178 2283 934 2333; baseline -0.003 -13"><span class='ocrx_word' id='word_1_227' title='bbox 178 2284 296 2320; x_wconf 80' lang='lat' dir='ltr'>finens.</span> <span class='ocrx_word' id='word_1_228' title='bbox 323 2286 431 2320; x_wconf 91' lang='lat' dir='ltr'>Tom.</span> <span class='ocrx_word' id='word_1_229' title='bbox 464 2284 601 2333; x_wconf 85' lang='lat' dir='ltr'>primo,</span> <span class='ocrx_word' id='word_1_230' title='bbox 629 2283 842 2332; x_wconf 67' lang='lat' dir='ltr'>suspe8tum,</span> <span class='ocrx_word' id='word_1_231' title='bbox 870 2283 934 2318; x_wconf 90' lang='lat' dir='ltr'>im—</span> 
     </span>
     <span class='ocr_line' id='line_1_45' title="bbox 178 2333 936 2383; baseline -0.003 -11"><span class='ocrx_word' id='word_1_232' title='bbox 178 2349 239 2372; x_wconf 83' lang='lat' dir='ltr'>mo</span> <span class='ocrx_word' id='word_1_233' title='bbox 273 2334 439 2371; x_wconf 89' lang='lat' dir='ltr'>vitiatum</span> <span class='ocrx_word' id='word_1_234' title='bbox 477 2336 700 2383; x_wconf 84' lang='lat' dir='ltr'>opinaretur,</span> <span class='ocrx_word' id='word_1_235' title='bbox 729 2348 767 2370; x_wconf 86' lang='lat' dir='ltr'>ac</span> <span class='ocrx_word' id='word_1_236' title='bbox 807 2333 936 2383; x_wconf 88' lang='lat' dir='ltr'>praeci-</span> 
     </span>
     <span class='ocr_line' id='line_1_46' title="bbox 180 2386 937 2435; baseline -0.004 -13"><span class='ocrx_word' id='word_1_237' title='bbox 180 2399 246 2435; x_wconf 85' lang='lat' dir='ltr'>pue</span> <span class='ocrx_word' id='word_1_238' title='bbox 271 2387 317 2421; x_wconf 92' lang='lat' dir='ltr'>ob</span> <span class='ocrx_word' id='word_1_239' title='bbox 343 2386 408 2421; x_wconf 85' lang='lat' dir='ltr'>illa</span> <span class='ocrx_word' id='word_1_240' title='bbox 435 2388 558 2421; x_wconf 88' lang='lat' dir='ltr'>verba:</span> <span class='ocrx_word' id='word_1_241' title='bbox 588 2390 626 2420; x_wconf 85' lang='lat' dir='ltr'>ln</span> <span class='ocrx_word' id='word_1_242' title='bbox 653 2399 711 2430; x_wconf 81' lang='lat' dir='ltr'>quo</span> <span class='ocrx_word' id='word_1_243' title='bbox 744 2386 937 2431; x_wconf 65' lang='lat' dir='ltr'>Monqslerio</span> 
     </span>
     <span class='ocr_line' id='line_1_47' title="bbox 178 2434 937 2484; baseline -0.004 -12"><span class='ocrx_word' id='word_1_244' title='bbox 178 2438 331 2473; x_wconf 63' lang='lat' dir='ltr'>Aionachi</span> <span class='ocrx_word' id='word_1_245' title='bbox 359 2434 419 2484; x_wconf 67' lang='lat' dir='ltr'>stab</span> <span class='ocrx_word' id='word_1_246' title='bbox 455 2441 577 2480; x_wconf 79' lang='lat' dir='ltr'>Regula</span> <span class='ocrx_word' id='word_1_247' title='bbox 604 2435 732 2481; x_wconf 63' lang='lat' dir='ltr'>stmfflae</span> <span class='ocrx_word' id='word_1_248' title='bbox 766 2437 937 2470; x_wconf 80' lang='lat' dir='ltr'>memoriae</span> 
     </span>
     <span class='ocr_line' id='line_1_48' title="bbox 178 2488 937 2530; baseline -0.004 -7"><span class='ocrx_word' id='word_1_249' title='bbox 178 2488 362 2530; x_wconf 66' lang='lat' dir='ltr'>Benedieh&#39;,</span> <span class='ocrx_word' id='word_1_250' title='bbox 397 2489 451 2521; x_wconf 84' lang='lat' dir='ltr'>vel</span> <span class='ocrx_word' id='word_1_251' title='bbox 480 2488 645 2530; x_wconf 68' lang='lat' dir='ltr'>praediai.</span> <span class='ocrx_word' id='word_1_252' title='bbox 674 2489 858 2522; x_wconf 80' lang='lat' dir='ltr'>Reverendi</span> <span class='ocrx_word' id='word_1_253' title='bbox 882 2489 937 2521; x_wconf 67' lang='lat' dir='ltr'>[mi</span> 
     </span>
     <span class='ocr_line' id='line_1_49' title="bbox 179 2537 936 2584; baseline -0.003 -11"><span class='ocrx_word' id='word_1_254' title='bbox 179 2537 364 2574; x_wconf 73' lang='lat' dir='ltr'>columbani</span> <span class='ocrx_word' id='word_1_255' title='bbox 389 2538 582 2584; x_wconf 68' lang='lat' dir='ltr'>fundatoris</span> <span class='ocrx_word' id='word_1_256' title='bbox 617 2540 677 2573; x_wconf 82' lang='lat' dir='ltr'>loci</span> <span class='ocrx_word' id='word_1_257' title='bbox 716 2540 831 2583; x_wconf 76' lang='lat' dir='ltr'>illius,</span> <span class='ocrx_word' id='word_1_258' title='bbox 867 2550 936 2572; x_wconf 86' lang='lat' dir='ltr'>con-</span> 
     </span>
    </p>
   </div>
   <div class='ocr_carea' id='block_1_6' title="bbox 986 729 1014 763">
    <p class='ocr_par' dir='ltr' id='par_1_7' title="bbox 986 729 1014 763">
     <span class='ocr_line' id='line_1_50' title="bbox 986 729 1014 763; baseline 0 0"><span class='ocrx_word' id='word_1_259' title='bbox 986 729 1014 763; x_wconf 62' lang='lat' dir='ltr'>fi</span> 
     </span>
    </p>
   </div>
   <div class='ocr_carea' id='block_1_7' title="bbox 1054 324 1823 1183">
    <p class='ocr_par' dir='ltr' id='par_1_8' title="bbox 1054 324 1823 1183">
     <span class='ocr_line' id='line_1_51' title="bbox 1063 324 1822 378; baseline 0.008 -19"><span class='ocrx_word' id='word_1_260' title='bbox 1063 324 1150 360; x_wconf 75' lang='lat' dir='ltr'>sibus</span> <span class='ocrx_word' id='word_1_261' title='bbox 1179 324 1368 362; x_wconf 81' lang='lat' dir='ltr'>Monachis</span> <span class='ocrx_word' id='word_1_262' title='bbox 1406 327 1499 363; x_wconf 83' lang='lat' dir='ltr'>suam</span> <span class='ocrx_word' id='word_1_263' title='bbox 1541 331 1707 378; x_wconf 80' lang='lat' dir='ltr'>Regulam</span> <span class='ocrx_word' id='word_1_264' title='bbox 1740 333 1822 366; x_wconf 86' lang='lat' dir='ltr'>San—</span> 
     </span>
     <span class='ocr_line' id='line_1_52' title="bbox 1062 374 1823 428; baseline 0.009 -19"><span class='ocrx_word' id='word_1_265' title='bbox 1062 374 1138 410; x_wconf 70' lang='lat' dir='ltr'>&amp;us</span> <span class='ocrx_word' id='word_1_266' title='bbox 1166 377 1405 419; x_wconf 63' lang='lat' dir='ltr'>Columbanus</span> <span class='ocrx_word' id='word_1_267' title='bbox 1433 378 1689 428; x_wconf 79' lang='lat' dir='ltr'>praescripserit</span> <span class='ocrx_word' id='word_1_268' title='bbox 1716 394 1735 417; x_wconf 84' lang='lat' dir='ltr'>a</span> <span class='ocrx_word' id='word_1_269' title='bbox 1760 381 1823 417; x_wconf 90' lang='lat' dir='ltr'>Be-</span> 
     </span>
     <span class='ocr_line' id='line_1_53' title="bbox 1061 424 1821 468; baseline 0.011 -8"><span class='ocrx_word' id='word_1_270' title='bbox 1061 424 1240 461; x_wconf 66' lang='lat' dir='ltr'>nedizstina</span> <span class='ocrx_word' id='word_1_271' title='bbox 1275 426 1470 466; x_wconf 82' lang='lat' dir='ltr'>diversam,</span> <span class='ocrx_word' id='word_1_272' title='bbox 1497 442 1537 464; x_wconf 90' lang='lat' dir='ltr'>ac</span> <span class='ocrx_word' id='word_1_273' title='bbox 1574 431 1692 468; x_wconf 88' lang='lat' dir='ltr'>vivere</span> <span class='ocrx_word' id='word_1_274' title='bbox 1719 431 1821 468; x_wconf 83' lang='lat' dir='ltr'>defie-</span> 
     </span>
     <span class='ocr_line' id='line_1_54' title="bbox 1060 475 1823 519; baseline 0.013 -9"><span class='ocrx_word' id='word_1_275' title='bbox 1060 475 1107 511; x_wconf 82' lang='lat' dir='ltr'>rit</span> <span class='ocrx_word' id='word_1_276' title='bbox 1136 480 1244 511; x_wconf 81' lang='lat' dir='ltr'>Anno</span> <span class='ocrx_word' id='word_1_277' title='bbox 1270 476 1401 513; x_wconf 73' lang='lat' dir='ltr'>Christi</span> <span class='ocrx_word' id='word_1_278' title='bbox 1440 480 1589 517; x_wconf 83' lang='lat' dir='ltr'>Dcxv.</span> <span class='ocrx_word' id='word_1_279' title='bbox 1616 483 1680 519; x_wconf 86' lang='lat' dir='ltr'>vix</span> <span class='ocrx_word' id='word_1_280' title='bbox 1714 484 1823 519; x_wconf 85' lang='lat' dir='ltr'>credi-</span> 
     </span>
     <span class='ocr_line' id='line_1_55' title="bbox 1060 526 1820 580; baseline 0.011 -19"><span class='ocrx_word' id='word_1_281' title='bbox 1060 526 1132 562; x_wconf 87' lang='lat' dir='ltr'>bile</span> <span class='ocrx_word' id='word_1_282' title='bbox 1158 526 1225 570; x_wconf 86' lang='lat' dir='ltr'>est,</span> <span class='ocrx_word' id='word_1_283' title='bbox 1253 537 1293 563; x_wconf 89' lang='lat' dir='ltr'>ut</span> <span class='ocrx_word' id='word_1_284' title='bbox 1318 527 1343 563; x_wconf 90' lang='lat' dir='ltr'>ii</span> <span class='ocrx_word' id='word_1_285' title='bbox 1371 530 1480 564; x_wconf 88' lang='lat' dir='ltr'>Anno</span> <span class='ocrx_word' id='word_1_286' title='bbox 1518 532 1722 570; x_wconf 82' lang='lat' dir='ltr'><strong>DCXLIII.</strong></span> <span class='ocrx_word' id='word_1_287' title='bbox 1749 547 1820 580; x_wconf 86' lang='lat' dir='ltr'>quo</span> 
     </span>
     <span class='ocr_line' id='line_1_56' title="bbox 1058 577 1819 621; baseline 0.013 -10"><span class='ocrx_word' id='word_1_288' title='bbox 1058 577 1138 612; x_wconf 79' lang='lat' dir='ltr'>data</span> <span class='ocrx_word' id='word_1_289' title='bbox 1163 577 1294 613; x_wconf 82' lang='lat' dir='ltr'>dicitur</span> <span class='ocrx_word' id='word_1_290' title='bbox 1318 579 1435 614; x_wconf 88' lang='lat' dir='ltr'>eadem</span> <span class='ocrx_word' id='word_1_291' title='bbox 1464 581 1586 621; x_wconf 85' lang='lat' dir='ltr'>Bulla,</span> <span class='ocrx_word' id='word_1_292' title='bbox 1612 584 1730 620; x_wconf 64' lang='lat' dir='ltr'>Sanfi’ti</span> <span class='ocrx_word' id='word_1_293' title='bbox 1757 587 1819 620; x_wconf 81' lang='lat' dir='ltr'>Be-</span> 
     </span>
     <span class='ocr_line' id='line_1_57' title="bbox 1060 626 1819 682; baseline 0.013 -21"><span class='ocrx_word' id='word_1_294' title='bbox 1060 626 1191 663; x_wconf 59' lang='lat' dir='ltr'>amisii</span> <span class='ocrx_word' id='word_1_295' title='bbox 1229 630 1396 678; x_wconf 83' lang='lat' dir='ltr'>Regulam</span> <span class='ocrx_word' id='word_1_296' title='bbox 1440 631 1663 679; x_wconf 72' lang='lat' dir='ltr'>adoptat-int,</span> <span class='ocrx_word' id='word_1_297' title='bbox 1695 635 1819 682; x_wconf 84' lang='lat' dir='ltr'>priori—</span> 
     </span>
     <span class='ocr_line' id='line_1_58' title="bbox 1057 677 1818 727; baseline 0.013 -16"><span class='ocrx_word' id='word_1_298' title='bbox 1057 691 1124 724; x_wconf 67' lang='lat' dir='ltr'>que</span> <span class='ocrx_word' id='word_1_299' title='bbox 1165 677 1270 713; x_wconf 84' lang='lat' dir='ltr'>etiam</span> <span class='ocrx_word' id='word_1_300' title='bbox 1318 681 1604 727; x_wconf 72' lang='lat' dir='ltr'>anteposuerim.</span> <span class='ocrx_word' id='word_1_301' title='bbox 1646 687 1818 721; x_wconf 71' lang='lat' dir='ltr'>Attamen</span> 
     </span>
     <span class='ocr_line' id='line_1_59' title="bbox 1056 728 1820 774; baseline 0.013 -13"><span class='ocrx_word' id='word_1_302' title='bbox 1056 728 1196 774; x_wconf 83' lang='lat' dir='ltr'>quando</span> <span class='ocrx_word' id='word_1_303' title='bbox 1224 729 1367 765; x_wconf 80' lang='lat' dir='ltr'>Clariss.</span> <span class='ocrx_word' id='word_1_304' title='bbox 1395 733 1626 769; x_wconf 81' lang='lat' dir='ltr'>Mabillonius</span> <span class='ocrx_word' id='word_1_305' title='bbox 1653 735 1690 770; x_wconf 83' lang='lat' dir='ltr'>in</span> <span class='ocrx_word' id='word_1_306' title='bbox 1723 737 1820 771; x_wconf 74' lang='lat' dir='ltr'>Prae-</span> 
     </span>
     <span class='ocr_line' id='line_1_60' title="bbox 1056 777 1818 821; baseline 0.013 -10"><span class='ocrx_word' id='word_1_307' title='bbox 1056 777 1190 813; x_wconf 74' lang='lat' dir='ltr'>fatione</span> <span class='ocrx_word' id='word_1_308' title='bbox 1239 779 1281 813; x_wconf 89' lang='lat' dir='ltr'>ad</span> <span class='ocrx_word' id='word_1_309' title='bbox 1327 782 1488 816; x_wconf 86' lang='lat' dir='ltr'>Seculum</span> <span class='ocrx_word' id='word_1_310' title='bbox 1533 784 1577 816; x_wconf 90' lang='lat'>11.</span> <span class='ocrx_word' id='word_1_311' title='bbox 1619 785 1818 821; x_wconf 72' lang='lat' dir='ltr'>Benediffl-</span> 
     </span>
     <span class='ocr_line' id='line_1_61' title="bbox 1056 829 1815 871; baseline 0.012 -9"><span class='ocrx_word' id='word_1_312' title='bbox 1056 840 1162 870; x_wconf 83' lang='lat' dir='ltr'>num,</span> <span class='ocrx_word' id='word_1_313' title='bbox 1184 829 1218 862; x_wconf 77' lang='grc' dir='ltr'>ἃ</span> <span class='ocrx_word' id='word_1_314' title='bbox 1245 829 1283 863; x_wconf 89' lang='lat' dir='ltr'>in</span> <span class='ocrx_word' id='word_1_315' title='bbox 1312 831 1481 866; x_wconf 86' lang='lat' dir='ltr'>Annalib.</span> <span class='ocrx_word' id='word_1_316' title='bbox 1509 832 1748 869; x_wconf 63' lang='lat' dir='ltr'>Benedifflnis</span> <span class='ocrx_word' id='word_1_317' title='bbox 1774 836 1815 871; x_wconf 81' lang='lat' dir='ltr'>ad</span> 
     </span>
     <span class='ocr_line' id='line_1_62' title="bbox 1057 880 1815 922; baseline 0.015 -11"><span class='ocrx_word' id='word_1_318' title='bbox 1057 880 1199 913; x_wconf 78' lang='lat' dir='ltr'>Annum</span> <span class='ocrx_word' id='word_1_319' title='bbox 1228 880 1376 915; x_wconf 79' lang='lat' dir='ltr'>DCXH.</span> <span class='ocrx_word' id='word_1_320' title='bbox 1403 882 1586 918; x_wconf 78' lang='lat' dir='ltr'>DCXXV.</span> <span class='ocrx_word' id='word_1_321' title='bbox 1611 884 1643 918; x_wconf 79' lang='lat'>8&lt;</span> <span class='ocrx_word' id='word_1_322' title='bbox 1671 886 1815 922; x_wconf 66' lang='lat' dir='ltr'>DCXL,</span> 
     </span>
     <span class='ocr_line' id='line_1_63' title="bbox 1056 928 1814 972; baseline 0.013 -10"><span class='ocrx_word' id='word_1_323' title='bbox 1056 938 1094 963; x_wconf 87' lang='lat' dir='ltr'>ut</span> <span class='ocrx_word' id='word_1_324' title='bbox 1121 928 1222 964; x_wconf 81' lang='lat' dir='ltr'>hosce</span> <span class='ocrx_word' id='word_1_325' title='bbox 1249 931 1359 964; x_wconf 85' lang='lat' dir='ltr'>nodos</span> <span class='ocrx_word' id='word_1_326' title='bbox 1387 930 1557 971; x_wconf 86' lang='lat' dir='ltr'>solveret,</span> <span class='ocrx_word' id='word_1_327' title='bbox 1585 935 1696 970; x_wconf 81' lang='lat' dir='ltr'>multa</span> <span class='ocrx_word' id='word_1_328' title='bbox 1724 945 1814 972; x_wconf 59' lang='lat' dir='ltr'>anu&lt;</span> 
     </span>
     <span class='ocr_line' id='line_1_64' title="bbox 1055 978 1813 1035; baseline 0.015 -24"><span class='ocrx_word' id='word_1_329' title='bbox 1055 978 1122 1012; x_wconf 84' lang='lat' dir='ltr'>lit:</span> <span class='ocrx_word' id='word_1_330' title='bbox 1152 978 1231 1025; x_wconf 85' lang='lat' dir='ltr'>ajo,</span> <span class='ocrx_word' id='word_1_331' title='bbox 1257 979 1349 1014; x_wconf 84' lang='lat' dir='ltr'>nihil</span> <span class='ocrx_word' id='word_1_332' title='bbox 1377 981 1472 1016; x_wconf 88' lang='lat' dir='ltr'>aliud</span> <span class='ocrx_word' id='word_1_333' title='bbox 1500 984 1594 1031; x_wconf 83' lang='lat' dir='ltr'>exigi</span> <span class='ocrx_word' id='word_1_334' title='bbox 1622 985 1663 1020; x_wconf 90' lang='lat' dir='ltr'>ad</span> <span class='ocrx_word' id='word_1_335' title='bbox 1691 986 1813 1035; x_wconf 81' lang='lat' dir='ltr'>digno-</span> 
     </span>
     <span class='ocr_line' id='line_1_65' title="bbox 1056 1027 1814 1073; baseline 0.016 -12"><span class='ocrx_word' id='word_1_336' title='bbox 1056 1027 1211 1062; x_wconf 86' lang='lat' dir='ltr'>scendam</span> <span class='ocrx_word' id='word_1_337' title='bbox 1240 1027 1339 1064; x_wconf 86' lang='lat' dir='ltr'>illius</span> <span class='ocrx_word' id='word_1_338' title='bbox 1368 1031 1490 1066; x_wconf 86' lang='lat' dir='ltr'>Bullae</span> <span class='ocrx_word' id='word_1_339' title='bbox 1517 1043 1577 1067; x_wconf 87' lang='lat' dir='ltr'>aut</span> <span class='ocrx_word' id='word_1_340' title='bbox 1605 1034 1725 1070; x_wconf 63' lang='lat' dir='ltr'>fiSium</span> <span class='ocrx_word' id='word_1_341' title='bbox 1754 1046 1814 1073; x_wconf 83' lang='lat' dir='ltr'>aut</span> 
     </span>
     <span class='ocr_line' id='line_1_66' title="bbox 1054 1077 1813 1129; baseline 0.014 -17"><span class='ocrx_word' id='word_1_342' title='bbox 1054 1077 1308 1126; x_wconf 79' lang='lat' dir='ltr'>interpolatum</span> <span class='ocrx_word' id='word_1_343' title='bbox 1344 1088 1503 1125; x_wconf 83' lang='lat' dir='ltr'>textum,</span> <span class='ocrx_word' id='word_1_344' title='bbox 1540 1084 1644 1129; x_wconf 63' lang='lat' dir='ltr'>quarn</span> <span class='ocrx_word' id='word_1_345' title='bbox 1683 1086 1813 1123; x_wconf 86' lang='lat' dir='ltr'>intueri</span> 
     </span>
     <span class='ocr_line' id='line_1_67' title="bbox 1055 1128 1814 1183; baseline 0.012 -20"><span class='ocrx_word' id='word_1_346' title='bbox 1055 1128 1106 1164; x_wconf 79' lang='lat' dir='ltr'>ibi</span> <span class='ocrx_word' id='word_1_347' title='bbox 1132 1128 1380 1171; x_wconf 76' lang='lat' dir='ltr'>constitutum,</span> <span class='ocrx_word' id='word_1_348' title='bbox 1407 1142 1443 1165; x_wconf 76' lang='lat' dir='ltr'>ut</span> <span class='ocrx_word' id='word_1_349' title='bbox 1469 1135 1570 1168; x_wconf 79' lang='lat' dir='ltr'>liceat</span> <span class='ocrx_word' id='word_1_350' title='bbox 1598 1134 1723 1171; x_wconf 75' lang='lat' dir='ltr'>Abbati</span> <span class='ocrx_word' id='word_1_351' title='bbox 1749 1139 1814 1183; x_wconf 77' lang='lat' dir='ltr'>eju—</span> 
     </span>
    </p>
   </div>
   <div class='ocr_carea' id='block_1_8' title="bbox 982 1178 1813 1225">
    <p class='ocr_par' dir='ltr' id='par_1_9' title="bbox 982 1178 1813 1225">
     <span class='ocr_line' id='line_1_68' title="bbox 982 1178 1813 1225; baseline 0.018 -16"><span class='ocrx_word' id='word_1_352' title='bbox 982 1179 1015 1216; x_wconf 85' lang='lat' dir='ltr'>C</span> <span class='ocrx_word' id='word_1_353' title='bbox 1045 1178 1135 1225; x_wconf 81' lang='lat' dir='ltr'>sdem</span> <span class='ocrx_word' id='word_1_354' title='bbox 1171 1179 1369 1215; x_wconf 62' lang='lat' dir='ltr'>venerabilis</span> <span class='ocrx_word' id='word_1_355' title='bbox 1410 1185 1487 1217; x_wconf 79' lang='lat' dir='ltr'>Loci</span> <span class='ocrx_word' id='word_1_356' title='bbox 1523 1185 1637 1220; x_wconf 66' lang='lat' dir='ltr'>Mitrci</span> <span class='ocrx_word' id='word_1_357' title='bbox 1664 1187 1707 1221; x_wconf 73' lang='lat'>(9⁶</span> <span class='ocrx_word' id='word_1_358' title='bbox 1733 1190 1813 1224; x_wconf 77' lang='lat' dir='ltr'>aliis</span> 
     </span>
    </p>
   </div>
   <div class='ocr_carea' id='block_1_9' title="bbox 1020 1229 1813 2588">
    <p class='ocr_par' dir='ltr' id='par_1_10' title="bbox 1020 1229 1813 2588">
     <span class='ocr_line' id='line_1_69' title="bbox 1055 1229 1812 1284; baseline 0.016 -21"><span class='ocrx_word' id='word_1_359' title='bbox 1055 1229 1299 1275; x_wconf 64' lang='lat' dir='ltr'>Pontificalibus</span> <span class='ocrx_word' id='word_1_360' title='bbox 1337 1233 1416 1268; x_wconf 73' lang='lat' dir='ltr'>uti.</span> <span class='ocrx_word' id='word_1_361' title='bbox 1459 1234 1589 1271; x_wconf 86' lang='lat' dir='ltr'>Nullus</span> <span class='ocrx_word' id='word_1_362' title='bbox 1630 1249 1812 1284; x_wconf 84' lang='lat' dir='ltr'>unquam,</span> 
     </span>
     <span class='ocr_line' id='line_1_70' title="bbox 1055 1279 1812 1327; baseline 0.013 -13"><span class='ocrx_word' id='word_1_363' title='bbox 1055 1288 1161 1327; x_wconf 81' lang='lat' dir='ltr'>puto,</span> <span class='ocrx_word' id='word_1_364' title='bbox 1191 1279 1366 1326; x_wconf 73' lang='lat' dir='ltr'>ostender,</span> <span class='ocrx_word' id='word_1_365' title='bbox 1394 1283 1527 1320; x_wconf 82' lang='lat' dir='ltr'>Seculis</span> <span class='ocrx_word' id='word_1_366' title='bbox 1555 1284 1602 1321; x_wconf 83' lang='lat' dir='ltr'>iis</span> <span class='ocrx_word' id='word_1_367' title='bbox 1627 1299 1812 1324; x_wconf 82' lang='lat' dir='ltr'>ornamen-</span> 
     </span>
     <span class='ocr_line' id='line_1_71' title="bbox 1054 1329 1812 1380; baseline 0.015 -17"><span class='ocrx_word' id='word_1_368' title='bbox 1054 1338 1088 1364; x_wconf 78' lang='lat' dir='ltr'>ta</span> <span class='ocrx_word' id='word_1_369' title='bbox 1116 1329 1199 1365; x_wconf 85' lang='lat' dir='ltr'>haec</span> <span class='ocrx_word' id='word_1_370' title='bbox 1227 1331 1360 1368; x_wconf 67' lang='lat' dir='ltr'>Abbati</span> <span class='ocrx_word' id='word_1_371' title='bbox 1389 1333 1549 1380; x_wconf 74' lang='lat' dir='ltr'>cuiquam</span> <span class='ocrx_word' id='word_1_372' title='bbox 1577 1335 1613 1371; x_wconf 89' lang='lat' dir='ltr'>in</span> <span class='ocrx_word' id='word_1_373' title='bbox 1642 1337 1704 1373; x_wconf 74' lang='lat' dir='ltr'>usu</span> <span class='ocrx_word' id='word_1_374' title='bbox 1731 1338 1812 1375; x_wconf 74' lang='lat' dir='ltr'>fuis-</span> 
     </span>
     <span class='ocr_line' id='line_1_72' title="bbox 1054 1379 1811 1427; baseline 0.016 -14"><span class='ocrx_word' id='word_1_375' title='bbox 1054 1379 1109 1414; x_wconf 90' lang='lat' dir='ltr'>se.</span> <span class='ocrx_word' id='word_1_376' title='bbox 1137 1379 1211 1427; x_wconf 83' lang='lat' dir='ltr'>Ipse</span> <span class='ocrx_word' id='word_1_377' title='bbox 1246 1384 1353 1416; x_wconf 80' lang='lat' dir='ltr'>etiam</span> <span class='ocrx_word' id='word_1_378' title='bbox 1393 1385 1630 1422; x_wconf 81' lang='lat' dir='ltr'>Mabillonius</span> <span class='ocrx_word' id='word_1_379' title='bbox 1666 1388 1708 1423; x_wconf 84' lang='lat' dir='ltr'>ad</span> <span class='ocrx_word' id='word_1_380' title='bbox 1737 1392 1811 1425; x_wconf 83' lang='lat' dir='ltr'>An·</span> 
     </span>
     <span class='ocr_line' id='line_1_73' title="bbox 1052 1431 1812 1481; baseline 0.016 -18"><span class='ocrx_word' id='word_1_381' title='bbox 1052 1442 1135 1464; x_wconf 84' lang='lat' dir='ltr'>num</span> <span class='ocrx_word' id='word_1_382' title='bbox 1179 1431 1394 1467; x_wconf 73' lang='lat' dir='ltr'><strong>DCCCLX.</strong></span> <span class='ocrx_word' id='word_1_383' title='bbox 1432 1435 1622 1481; x_wconf 61' lang='lat' dir='ltr'>plurimum</span> <span class='ocrx_word' id='word_1_384' title='bbox 1667 1438 1709 1472; x_wconf 82' lang='lat' dir='ltr'>de</span> <span class='ocrx_word' id='word_1_385' title='bbox 1744 1439 1812 1475; x_wconf 81' lang='lat' dir='ltr'>fide</span> 
     </span>
     <span class='ocr_line' id='line_1_74' title="bbox 1052 1479 1811 1529; baseline 0.016 -16"><span class='ocrx_word' id='word_1_386' title='bbox 1052 1479 1190 1515; x_wconf 80' lang='lat' dir='ltr'>dubitat</span> <span class='ocrx_word' id='word_1_387' title='bbox 1219 1481 1401 1529; x_wconf 67' lang='lat' dir='ltr'>Privilegii</span> <span class='ocrx_word' id='word_1_388' title='bbox 1430 1496 1448 1517; x_wconf 86' lang='lat' dir='ltr'>a</span> <span class='ocrx_word' id='word_1_389' title='bbox 1477 1484 1648 1521; x_wconf 76' lang='lat' dir='ltr'>Thadone</span> <span class='ocrx_word' id='word_1_390' title='bbox 1674 1489 1811 1524; x_wconf 81' lang='lat' dir='ltr'>Medio-</span> 
     </span>
     <span class='ocr_line' id='line_1_75' title="bbox 1051 1529 1811 1581; baseline 0.017 -18"><span class='ocrx_word' id='word_1_391' title='bbox 1051 1529 1177 1564; x_wconf 76' lang='lat' dir='ltr'>lanenfi</span> <span class='ocrx_word' id='word_1_392' title='bbox 1209 1531 1485 1581; x_wconf 65' lang='lat' dir='ltr'>Archiepiscopo</span> <span class='ocrx_word' id='word_1_393' title='bbox 1522 1536 1670 1572; x_wconf 72' lang='lat' dir='ltr'>concessi</span> <span class='ocrx_word' id='word_1_394' title='bbox 1711 1540 1811 1576; x_wconf 81' lang='lat' dir='ltr'>Petro</span> 
     </span>
     <span class='ocr_line' id='line_1_76' title="bbox 1054 1580 1810 1630; baseline 0.016 -16"><span class='ocrx_word' id='word_1_395' title='bbox 1054 1580 1185 1615; x_wconf 74' lang='lat' dir='ltr'>Abbati</span> <span class='ocrx_word' id='word_1_396' title='bbox 1223 1582 1428 1618; x_wconf 78' lang='lat' dir='ltr'>Monasserii</span> <span class='ocrx_word' id='word_1_397' title='bbox 1456 1585 1702 1630; x_wconf 82' lang='lat' dir='ltr'>Ambrofiani‚</span> <span class='ocrx_word' id='word_1_398' title='bbox 1729 1590 1763 1624; x_wconf 71' lang='lat'>8&lt;</span> <span class='ocrx_word' id='word_1_399' title='bbox 1792 1604 1810 1626; x_wconf 85' lang='lat' dir='ltr'>a</span> 
     </span>
     <span class='ocr_line' id='line_1_77' title="bbox 1054 1630 1809 1674; baseline 0.016 -11"><span class='ocrx_word' id='word_1_400' title='bbox 1054 1630 1243 1665; x_wconf 67' lang='lat' dir='ltr'>Puricellio</span> <span class='ocrx_word' id='word_1_401' title='bbox 1263 1631 1300 1666; x_wconf 90' lang='lat' dir='ltr'>in</span> <span class='ocrx_word' id='word_1_402' title='bbox 1322 1633 1545 1670; x_wconf 80' lang='lat' dir='ltr'>Monutnent.</span> <span class='ocrx_word' id='word_1_403' title='bbox 1566 1636 1702 1673; x_wconf 85' lang='lat' dir='ltr'>Bafilic.</span> <span class='ocrx_word' id='word_1_404' title='bbox 1726 1641 1809 1674; x_wconf 66' lang='lat' dir='ltr'>Am&gt;</span> 
     </span>
     <span class='ocr_line' id='line_1_78' title="bbox 1052 1679 1806 1729; baseline 0.015 -16"><span class='ocrx_word' id='word_1_405' title='bbox 1052 1679 1224 1715; x_wconf 76' lang='lat' dir='ltr'>brofianae</span> <span class='ocrx_word' id='word_1_406' title='bbox 1250 1682 1428 1729; x_wconf 87' lang='lat' dir='ltr'>evulgati,</span> <span class='ocrx_word' id='word_1_407' title='bbox 1455 1684 1515 1720; x_wconf 86' lang='lat' dir='ltr'>ubi</span> <span class='ocrx_word' id='word_1_408' title='bbox 1551 1685 1664 1722; x_wconf 83' lang='lat' dir='ltr'>eidem</span> <span class='ocrx_word' id='word_1_409' title='bbox 1693 1688 1806 1725; x_wconf 86' lang='lat' dir='ltr'>indul-</span> 
     </span>
     <span class='ocr_line' id='line_1_79' title="bbox 1052 1730 1809 1777; baseline 0.016 -14"><span class='ocrx_word' id='word_1_410' title='bbox 1052 1739 1172 1777; x_wconf 79' lang='lat' dir='ltr'>getur,</span> <span class='ocrx_word' id='word_1_411' title='bbox 1206 1737 1245 1766; x_wconf 89' lang='lat' dir='ltr'>ut</span> <span class='ocrx_word' id='word_1_412' title='bbox 1279 1730 1402 1768; x_wconf 85' lang='lat' dir='ltr'>diebus</span> <span class='ocrx_word' id='word_1_413' title='bbox 1440 1734 1639 1772; x_wconf 81' lang='lat' dir='ltr'>Dominicis</span> <span class='ocrx_word' id='word_1_414' title='bbox 1675 1739 1809 1775; x_wconf 69' lang='lat' dir='ltr'>indutus</span> 
     </span>
     <span class='ocr_line' id='line_1_80' title="bbox 1042 1781 1808 1831; baseline 0.013 -18"><span class='ocrx_word' id='word_1_415' title='bbox 1042 1782 1230 1826; x_wconf 58' lang='lat' dir='ltr'>jmzdaliis,</span> <span class='ocrx_word' id='word_1_416' title='bbox 1267 1781 1442 1829; x_wconf 62' lang='lat' dir='ltr'>ceteriffiue</span> <span class='ocrx_word' id='word_1_417' title='bbox 1484 1785 1723 1831; x_wconf 78' lang='lat' dir='ltr'>Episcopalihus</span> <span class='ocrx_word' id='word_1_418' title='bbox 1757 1804 1808 1825; x_wconf 56' lang='grc' dir='ltr'>ον»</span> 
     </span>
     <span class='ocr_line' id='line_1_81' title="bbox 1051 1830 1805 1877; baseline 0.019 -14"><span class='ocrx_word' id='word_1_419' title='bbox 1051 1833 1212 1866; x_wconf 65' lang='grc' dir='ltr'>ειανηεηῐίς</span> <span class='ocrx_word' id='word_1_420' title='bbox 1241 1830 1401 1867; x_wconf 78' lang='lat' dir='ltr'>divinum</span> <span class='ocrx_word' id='word_1_421' title='bbox 1439 1833 1596 1872; x_wconf 83' lang='lat' dir='ltr'>efficium</span> <span class='ocrx_word' id='word_1_422' title='bbox 1632 1839 1805 1877; x_wconf 80' lang='lat' dir='ltr'>celebret:</span> 
     </span>
     <span class='ocr_line' id='line_1_82' title="bbox 1050 1880 1806 1925; baseline 0.016 -11"><span class='ocrx_word' id='word_1_423' title='bbox 1050 1884 1152 1925; x_wconf 82' lang='lat' dir='ltr'>quod,</span> <span class='ocrx_word' id='word_1_424' title='bbox 1188 1880 1240 1917; x_wconf 83' lang='lat' dir='ltr'>ait</span> <span class='ocrx_word' id='word_1_425' title='bbox 1277 1881 1534 1924; x_wconf 82' lang='lat' dir='ltr'>Mabillonius,</span> <span class='ocrx_word' id='word_1_426' title='bbox 1561 1901 1674 1922; x_wconf 71' lang='lat' dir='ltr'>novam</span> <span class='ocrx_word' id='word_1_427' title='bbox 1710 1894 1806 1925; x_wconf 62' lang='lat' dir='ltr'>omni&gt;</span> 
     </span>
     <span class='ocr_line' id='line_1_83' title="bbox 1052 1931 1808 1986; baseline 0.013 -22"><span class='ocrx_word' id='word_1_428' title='bbox 1052 1944 1111 1974; x_wconf 84' lang='lat' dir='ltr'>no,</span> <span class='ocrx_word' id='word_1_429' title='bbox 1131 1931 1168 1965; x_wconf 49' lang='grc' dir='ltr'>ὅ]</span> <span class='ocrx_word' id='word_1_430' title='bbox 1189 1943 1246 1976; x_wconf 79' lang='lat' dir='ltr'>pro</span> <span class='ocrx_word' id='word_1_431' title='bbox 1270 1942 1408 1977; x_wconf 81' lang='lat' dir='ltr'>tempore</span> <span class='ocrx_word' id='word_1_432' title='bbox 1433 1935 1596 1972; x_wconf 57' lang='lat' dir='ltr'>insolitum</span> <span class='ocrx_word' id='word_1_433' title='bbox 1622 1940 1682 1985; x_wconf 68' lang='lat' dir='ltr'>est.</span> <span class='ocrx_word' id='word_1_434' title='bbox 1706 1942 1808 1986; x_wconf 82' lang='lat' dir='ltr'>Quae</span> 
     </span>
     <span class='ocr_line' id='line_1_84' title="bbox 1051 1981 1810 2033; baseline 0.014 -17"><span class='ocrx_word' id='word_1_435' title='bbox 1051 1990 1167 2017; x_wconf 89' lang='lat' dir='ltr'>tamen</span> <span class='ocrx_word' id='word_1_436' title='bbox 1196 1981 1247 2018; x_wconf 87' lang='lat' dir='ltr'>ita</span> <span class='ocrx_word' id='word_1_437' title='bbox 1275 1996 1294 2018; x_wconf 88' lang='lat' dir='ltr'>a</span> <span class='ocrx_word' id='word_1_438' title='bbox 1332 1996 1387 2018; x_wconf 85' lang='lat' dir='ltr'>me</span> <span class='ocrx_word' id='word_1_439' title='bbox 1414 1983 1510 2021; x_wconf 58' lang='lat' dir='ltr'>dicia</span> <span class='ocrx_word' id='word_1_440' title='bbox 1548 1987 1680 2033; x_wconf 88' lang='lat' dir='ltr'>velim,</span> <span class='ocrx_word' id='word_1_441' title='bbox 1709 2001 1747 2026; x_wconf 89' lang='lat' dir='ltr'>ut</span> <span class='ocrx_word' id='word_1_442' title='bbox 1774 1991 1810 2027; x_wconf 89' lang='lat' dir='ltr'>s1-</span> 
     </span>
     <span class='ocr_line' id='line_1_85' title="bbox 1052 2032 1810 2077; baseline 0.015 -11"><span class='ocrx_word' id='word_1_443' title='bbox 1052 2033 1125 2067; x_wconf 85' lang='lat' dir='ltr'>mul</span> <span class='ocrx_word' id='word_1_444' title='bbox 1159 2032 1290 2077; x_wconf 78' lang='lat' dir='ltr'>fatear,</span> <span class='ocrx_word' id='word_1_445' title='bbox 1319 2033 1411 2069; x_wconf 77' lang='lat' dir='ltr'>nihii</span> <span class='ocrx_word' id='word_1_446' title='bbox 1447 2035 1508 2071; x_wconf 63' lang='lat' dir='ltr'>issa</span> <span class='ocrx_word' id='word_1_447' title='bbox 1533 2036 1576 2072; x_wconf 81' lang='lat' dir='ltr'>de</span> <span class='ocrx_word' id='word_1_448' title='bbox 1613 2039 1725 2075; x_wconf 60' lang='lat' dir='ltr'>caussa</span> <span class='ocrx_word' id='word_1_449' title='bbox 1752 2041 1810 2077; x_wconf 83' lang='lat' dir='ltr'>de-</span> 
     </span>
     <span class='ocr_line' id='line_1_86' title="bbox 1051 2082 1810 2135; baseline 0.012 -18"><span class='ocrx_word' id='word_1_450' title='bbox 1051 2082 1201 2118; x_wconf 67' lang='lat' dir='ltr'>trat‘stum</span> <span class='ocrx_word' id='word_1_451' title='bbox 1230 2083 1275 2119; x_wconf 82' lang='lat' dir='ltr'>iri</span> <span class='ocrx_word' id='word_1_452' title='bbox 1304 2083 1472 2132; x_wconf 80' lang='lat' dir='ltr'>dignitati</span> <span class='ocrx_word' id='word_1_453' title='bbox 1496 2087 1697 2135; x_wconf 72' lang='lat' dir='ltr'>amplissimi</span> <span class='ocrx_word' id='word_1_454' title='bbox 1727 2090 1810 2125; x_wconf 76' lang='lat' dir='ltr'>Mo-</span> 
     </span>
     <span class='ocr_line' id='line_1_87' title="bbox 1052 2133 1808 2187; baseline 0.013 -20"><span class='ocrx_word' id='word_1_455' title='bbox 1052 2133 1187 2169; x_wconf 80' lang='lat' dir='ltr'>nasterii</span> <span class='ocrx_word' id='word_1_456' title='bbox 1240 2133 1442 2174; x_wconf 77' lang='lat' dir='ltr'>Bobienlis‚</span> <span class='ocrx_word' id='word_1_457' title='bbox 1483 2137 1581 2185; x_wconf 85' lang='lat' dir='ltr'>digni</span> <span class='ocrx_word' id='word_1_458' title='bbox 1625 2140 1808 2187; x_wconf 56' lang='lat' dir='ltr'>profesto,</span> 
     </span>
     <span class='ocr_line' id='line_1_88' title="bbox 1051 2185 1810 2238; baseline 0.012 -20"><span class='ocrx_word' id='word_1_459' title='bbox 1051 2185 1143 2230; x_wconf 88' lang='lat' dir='ltr'>quod</span> <span class='ocrx_word' id='word_1_460' title='bbox 1179 2197 1319 2222; x_wconf 82' lang='lat' dir='ltr'>omnes,</span> <span class='ocrx_word' id='word_1_461' title='bbox 1357 2194 1460 2233; x_wconf 80' lang='lat' dir='ltr'>atque</span> <span class='ocrx_word' id='word_1_462' title='bbox 1488 2201 1553 2236; x_wconf 89' lang='lat' dir='ltr'>ego</span> <span class='ocrx_word' id='word_1_463' title='bbox 1590 2189 1626 2224; x_wconf 88' lang='lat' dir='ltr'>in</span> <span class='ocrx_word' id='word_1_464' title='bbox 1660 2191 1810 2238; x_wconf 85' lang='lat' dir='ltr'>primis,</span> 
     </span>
     <span class='ocr_line' id='line_1_89' title="bbox 1051 2235 1810 2284; baseline 0.012 -15"><span class='ocrx_word' id='word_1_465' title='bbox 1051 2242 1169 2269; x_wconf 81' lang='lat' dir='ltr'>ament</span> <span class='ocrx_word' id='word_1_466' title='bbox 1210 2248 1249 2270; x_wconf 85' lang='lat' dir='ltr'>ac</span> <span class='ocrx_word' id='word_1_467' title='bbox 1291 2235 1423 2272; x_wconf 88' lang='lat' dir='ltr'>summe</span> <span class='ocrx_word' id='word_1_468' title='bbox 1466 2249 1697 2284; x_wconf 85' lang='lat' dir='ltr'>venerentur,</span> <span class='ocrx_word' id='word_1_469' title='bbox 1734 2251 1810 2278; x_wconf 84' lang='lat' dir='ltr'>tum</span> 
     </span>
     <span class='ocr_line' id='line_1_90' title="bbox 1052 2285 1809 2338; baseline 0.013 -20"><span class='ocrx_word' id='word_1_470' title='bbox 1052 2293 1191 2330; x_wconf 76' lang='lat' dir='ltr'>propter</span> <span class='ocrx_word' id='word_1_471' title='bbox 1211 2285 1376 2321; x_wconf 82' lang='lat' dir='ltr'>illustrem</span> <span class='ocrx_word' id='word_1_472' title='bbox 1401 2287 1471 2334; x_wconf 82' lang='lat' dir='ltr'>ejus</span> <span class='ocrx_word' id='word_1_473' title='bbox 1498 2288 1670 2338; x_wconf 86' lang='lat' dir='ltr'>originem</span> <span class='ocrx_word' id='word_1_474' title='bbox 1695 2305 1714 2327; x_wconf 84' lang='lat' dir='ltr'>a</span> <span class='ocrx_word' id='word_1_475' title='bbox 1738 2291 1809 2328; x_wconf 86' lang='lat' dir='ltr'>san—</span> 
     </span>
     <span class='ocr_line' id='line_1_91' title="bbox 1050 2334 1811 2390; baseline 0.013 -21"><span class='ocrx_word' id='word_1_476' title='bbox 1050 2334 1203 2370; x_wconf 65' lang='lat' dir='ltr'>&amp;iffimo</span> <span class='ocrx_word' id='word_1_477' title='bbox 1241 2336 1339 2381; x_wconf 83' lang='lat' dir='ltr'>viro,</span> <span class='ocrx_word' id='word_1_478' title='bbox 1367 2338 1465 2385; x_wconf 51' lang='lat' dir='ltr'>cujus</span> <span class='ocrx_word' id='word_1_479' title='bbox 1505 2339 1635 2376; x_wconf 84' lang='lat' dir='ltr'>sacrum</span> <span class='ocrx_word' id='word_1_480' title='bbox 1674 2344 1811 2390; x_wconf 77' lang='lat' dir='ltr'>Corpus</span> 
     </span>
     <span class='ocr_line' id='line_1_92' title="bbox 1050 2385 1807 2438; baseline 0.011 -18"><span class='ocrx_word' id='word_1_481' title='bbox 1050 2385 1097 2420; x_wconf 77' lang='lat' dir='ltr'>ibi</span> <span class='ocrx_word' id='word_1_482' title='bbox 1126 2385 1337 2432; x_wconf 79' lang='lat' dir='ltr'>requiescit,</span> <span class='ocrx_word' id='word_1_483' title='bbox 1365 2396 1441 2424; x_wconf 85' lang='lat' dir='ltr'>turn</span> <span class='ocrx_word' id='word_1_484' title='bbox 1472 2400 1613 2438; x_wconf 83' lang='lat' dir='ltr'>propter</span> <span class='ocrx_word' id='word_1_485' title='bbox 1640 2392 1807 2427; x_wconf 82' lang='lat' dir='ltr'>eximiam</span> 
     </span>
     <span class='ocr_line' id='line_1_93' title="bbox 1050 2436 1811 2489; baseline 0.012 -20"><span class='ocrx_word' id='word_1_486' title='bbox 1050 2436 1322 2484; x_wconf 84' lang='lat' dir='ltr'>antiquitatem,</span> <span class='ocrx_word' id='word_1_487' title='bbox 1360 2439 1394 2473; x_wconf 76' lang='lat'>8&lt;</span> <span class='ocrx_word' id='word_1_488' title='bbox 1433 2442 1608 2489; x_wconf 80' lang='lat' dir='ltr'>complura</span> <span class='ocrx_word' id='word_1_489' title='bbox 1650 2442 1686 2477; x_wconf 89' lang='lat' dir='ltr'>in</span> <span class='ocrx_word' id='word_1_490' title='bbox 1721 2443 1811 2478; x_wconf 91' lang='lat' dir='ltr'>illud</span> 
     </span>
     <span class='ocr_line' id='line_1_94' title="bbox 1049 2487 1812 2538; baseline 0.009 -17"><span class='ocrx_word' id='word_1_491' title='bbox 1049 2487 1271 2523; x_wconf 84' lang='lat' dir='ltr'>Coenobium</span> <span class='ocrx_word' id='word_1_492' title='bbox 1307 2489 1362 2524; x_wconf 85' lang='lat' dir='ltr'>vel</span> <span class='ocrx_word' id='word_1_493' title='bbox 1401 2489 1478 2537; x_wconf 87' lang='lat' dir='ltr'>ipfis</span> <span class='ocrx_word' id='word_1_494' title='bbox 1514 2491 1669 2538; x_wconf 78' lang='lat' dir='ltr'>antiquis</span> <span class='ocrx_word' id='word_1_495' title='bbox 1710 2494 1812 2529; x_wconf 77' lang='lat' dir='ltr'>secu-</span> 
     </span>
     <span class='ocr_line' id='line_1_95' title="bbox 1020 2530 1813 2588; baseline 0.01 -16"><span class='ocrx_word' id='word_1_496' title='bbox 1020 2530 1092 2573; x_wconf 71' lang='lat' dir='ltr'>llis</span> <span class='ocrx_word' id='word_1_497' title='bbox 1125 2538 1266 2575; x_wconf 85' lang='lat' dir='ltr'>conlata</span> <span class='ocrx_word' id='word_1_498' title='bbox 1304 2539 1518 2588; x_wconf 83' lang='lat' dir='ltr'>Privilegia.</span> <span class='ocrx_word' id='word_1_499' title='bbox 1555 2542 1813 2580; x_wconf 76' lang='lat' dir='ltr'>Lubentiffime</span> 
     </span>
    </p>
   </div>
   <div class='ocr_carea' id='block_1_10' title="bbox 1623 2596 1753 2643">
    <p class='ocr_par' dir='ltr' id='par_1_11' title="bbox 1623 2596 1753 2643">
     <span class='ocr_line' id='line_1_96' title="bbox 1623 2596 1753 2643; baseline 0.023 -2"><span class='ocrx_word' id='word_1_500' title='bbox 1623 2596 1753 2643; x_wconf 66' lang='lat' dir='ltr'>quippe</span> 
     </span>
    </p>
   </div>
  </div>
 </body>
</html>
